%YAML 1.1
%TAG !u! tag:unity3d.com,2011:
--- !u!1 &1127080147503380446
GameObject:
  m_ObjectHideFlags: 0
  m_CorrespondingSourceObject: {fileID: 0}
  m_PrefabInstance: {fileID: 0}
  m_PrefabAsset: {fileID: 0}
  serializedVersion: 6
  m_Component:
  - component: {fileID: 2878216583253553273}
  m_Layer: 0
  m_Name: Set_3_2 (1)
  m_TagString: Untagged
  m_Icon: {fileID: 0}
  m_NavMeshLayer: 0
  m_StaticEditorFlags: 0
  m_IsActive: 1
--- !u!4 &2878216583253553273
Transform:
  m_ObjectHideFlags: 0
  m_CorrespondingSourceObject: {fileID: 0}
  m_PrefabInstance: {fileID: 0}
  m_PrefabAsset: {fileID: 0}
  m_GameObject: {fileID: 1127080147503380446}
  m_LocalRotation: {x: -0, y: -0, z: -0, w: 1}
  m_LocalPosition: {x: 0, y: 0.864, z: 0.419}
  m_LocalScale: {x: 1, y: 1, z: 1}
  m_Children:
  - {fileID: 5945650473462947305}
  - {fileID: 5342108219019545181}
  - {fileID: 1069464988695715724}
  - {fileID: 3207289288005348197}
  - {fileID: 2472616450900563169}
  - {fileID: 2477245215610061851}
  m_Father: {fileID: 6862064207675289738}
  m_RootOrder: 9
  m_LocalEulerAnglesHint: {x: 0, y: 0, z: 0}
--- !u!1 &6862064207675289739
GameObject:
  m_ObjectHideFlags: 0
  m_CorrespondingSourceObject: {fileID: 0}
  m_PrefabInstance: {fileID: 0}
  m_PrefabAsset: {fileID: 0}
  serializedVersion: 6
  m_Component:
  - component: {fileID: 6862064207675289738}
  m_Layer: 0
  m_Name: Set_3_2
  m_TagString: Untagged
  m_Icon: {fileID: 0}
  m_NavMeshLayer: 0
  m_StaticEditorFlags: 0
  m_IsActive: 1
--- !u!4 &6862064207675289738
Transform:
  m_ObjectHideFlags: 0
  m_CorrespondingSourceObject: {fileID: 0}
  m_PrefabInstance: {fileID: 0}
  m_PrefabAsset: {fileID: 0}
  m_GameObject: {fileID: 6862064207675289739}
  m_LocalRotation: {x: 0, y: 0, z: 0, w: 1}
  m_LocalPosition: {x: 0, y: 0, z: -1.28}
  m_LocalScale: {x: 5, y: 5, z: 5}
  m_Children:
  - {fileID: 2820250735462678407}
  - {fileID: 2820250736042388836}
  - {fileID: 2820250737281064533}
  - {fileID: 2820250736412173086}
  - {fileID: 1684844187248574138}
  - {fileID: 4603577473047946021}
  - {fileID: 2141914810921625508}
  - {fileID: 6741787485291441674}
  - {fileID: 5759799535542622273}
  - {fileID: 2878216583253553273}
  m_Father: {fileID: 0}
  m_RootOrder: 0
  m_LocalEulerAnglesHint: {x: 0, y: 0, z: 0}
--- !u!1 &8506005273958858250
GameObject:
  m_ObjectHideFlags: 0
  m_CorrespondingSourceObject: {fileID: 0}
  m_PrefabInstance: {fileID: 0}
  m_PrefabAsset: {fileID: 0}
  serializedVersion: 6
  m_Component:
  - component: {fileID: 2141914810921625508}
  m_Layer: 0
  m_Name: Set_3_2
  m_TagString: Untagged
  m_Icon: {fileID: 0}
  m_NavMeshLayer: 0
  m_StaticEditorFlags: 0
  m_IsActive: 1
--- !u!4 &2141914810921625508
Transform:
  m_ObjectHideFlags: 0
  m_CorrespondingSourceObject: {fileID: 0}
  m_PrefabInstance: {fileID: 0}
  m_PrefabAsset: {fileID: 0}
  m_GameObject: {fileID: 8506005273958858250}
  m_LocalRotation: {x: -0, y: -0, z: -0, w: 1}
  m_LocalPosition: {x: 0, y: 0, z: 0.419}
  m_LocalScale: {x: 1, y: 1, z: 1}
  m_Children:
  - {fileID: 7174670606607199486}
  - {fileID: 8425845584014006887}
  - {fileID: 1666942138299842779}
  - {fileID: 2429257570525504327}
  - {fileID: 7398378472644882116}
  - {fileID: 770093989870433721}
  m_Father: {fileID: 6862064207675289738}
  m_RootOrder: 6
  m_LocalEulerAnglesHint: {x: 0, y: 0, z: 0}
--- !u!1001 &934468312623490776
PrefabInstance:
  m_ObjectHideFlags: 0
  serializedVersion: 2
  m_Modification:
    m_TransformParent: {fileID: 2141914810921625508}
    m_Modifications:
    - target: {fileID: 5639106830512426668, guid: 95c1708c0eeb10245ad7a592c42acb09, type: 3}
      propertyPath: m_Name
      value: Small_box (2)
      objectReference: {fileID: 0}
    - target: {fileID: 8654080169431727295, guid: 95c1708c0eeb10245ad7a592c42acb09, type: 3}
      propertyPath: m_LocalPosition.x
      value: 0.404
      objectReference: {fileID: 0}
    - target: {fileID: 8654080169431727295, guid: 95c1708c0eeb10245ad7a592c42acb09, type: 3}
      propertyPath: m_LocalPosition.y
      value: 0
      objectReference: {fileID: 0}
    - target: {fileID: 8654080169431727295, guid: 95c1708c0eeb10245ad7a592c42acb09, type: 3}
      propertyPath: m_LocalPosition.z
      value: 0
      objectReference: {fileID: 0}
    - target: {fileID: 8654080169431727295, guid: 95c1708c0eeb10245ad7a592c42acb09, type: 3}
      propertyPath: m_LocalRotation.x
      value: 0
      objectReference: {fileID: 0}
    - target: {fileID: 8654080169431727295, guid: 95c1708c0eeb10245ad7a592c42acb09, type: 3}
      propertyPath: m_LocalRotation.y
      value: 0
      objectReference: {fileID: 0}
    - target: {fileID: 8654080169431727295, guid: 95c1708c0eeb10245ad7a592c42acb09, type: 3}
      propertyPath: m_LocalRotation.z
      value: 0
      objectReference: {fileID: 0}
    - target: {fileID: 8654080169431727295, guid: 95c1708c0eeb10245ad7a592c42acb09, type: 3}
      propertyPath: m_LocalRotation.w
      value: 1
      objectReference: {fileID: 0}
    - target: {fileID: 8654080169431727295, guid: 95c1708c0eeb10245ad7a592c42acb09, type: 3}
      propertyPath: m_RootOrder
      value: 1
      objectReference: {fileID: 0}
    - target: {fileID: 8654080169431727295, guid: 95c1708c0eeb10245ad7a592c42acb09, type: 3}
      propertyPath: m_LocalEulerAnglesHint.x
      value: 0
      objectReference: {fileID: 0}
    - target: {fileID: 8654080169431727295, guid: 95c1708c0eeb10245ad7a592c42acb09, type: 3}
      propertyPath: m_LocalEulerAnglesHint.y
      value: 0
      objectReference: {fileID: 0}
    - target: {fileID: 8654080169431727295, guid: 95c1708c0eeb10245ad7a592c42acb09, type: 3}
      propertyPath: m_LocalEulerAnglesHint.z
      value: 0
      objectReference: {fileID: 0}
    m_RemovedComponents: []
  m_SourcePrefab: {fileID: 100100000, guid: 95c1708c0eeb10245ad7a592c42acb09, type: 3}
--- !u!4 &8425845584014006887 stripped
Transform:
  m_CorrespondingSourceObject: {fileID: 8654080169431727295, guid: 95c1708c0eeb10245ad7a592c42acb09, type: 3}
  m_PrefabInstance: {fileID: 934468312623490776}
  m_PrefabAsset: {fileID: 0}
--- !u!1001 &1984104978691182657
PrefabInstance:
  m_ObjectHideFlags: 0
  serializedVersion: 2
  m_Modification:
    m_TransformParent: {fileID: 2141914810921625508}
    m_Modifications:
    - target: {fileID: 5639106830512426668, guid: 95c1708c0eeb10245ad7a592c42acb09, type: 3}
      propertyPath: m_Name
      value: Small_box (1)
      objectReference: {fileID: 0}
    - target: {fileID: 8654080169431727295, guid: 95c1708c0eeb10245ad7a592c42acb09, type: 3}
      propertyPath: m_LocalPosition.x
      value: -0.433
      objectReference: {fileID: 0}
    - target: {fileID: 8654080169431727295, guid: 95c1708c0eeb10245ad7a592c42acb09, type: 3}
      propertyPath: m_LocalPosition.y
      value: 0
      objectReference: {fileID: 0}
    - target: {fileID: 8654080169431727295, guid: 95c1708c0eeb10245ad7a592c42acb09, type: 3}
      propertyPath: m_LocalPosition.z
      value: 0
      objectReference: {fileID: 0}
    - target: {fileID: 8654080169431727295, guid: 95c1708c0eeb10245ad7a592c42acb09, type: 3}
      propertyPath: m_LocalRotation.x
      value: 0
      objectReference: {fileID: 0}
    - target: {fileID: 8654080169431727295, guid: 95c1708c0eeb10245ad7a592c42acb09, type: 3}
      propertyPath: m_LocalRotation.y
      value: 0
      objectReference: {fileID: 0}
    - target: {fileID: 8654080169431727295, guid: 95c1708c0eeb10245ad7a592c42acb09, type: 3}
      propertyPath: m_LocalRotation.z
      value: 0
      objectReference: {fileID: 0}
    - target: {fileID: 8654080169431727295, guid: 95c1708c0eeb10245ad7a592c42acb09, type: 3}
      propertyPath: m_LocalRotation.w
      value: 1
      objectReference: {fileID: 0}
    - target: {fileID: 8654080169431727295, guid: 95c1708c0eeb10245ad7a592c42acb09, type: 3}
      propertyPath: m_RootOrder
      value: 0
      objectReference: {fileID: 0}
    - target: {fileID: 8654080169431727295, guid: 95c1708c0eeb10245ad7a592c42acb09, type: 3}
      propertyPath: m_LocalEulerAnglesHint.x
      value: 0
      objectReference: {fileID: 0}
    - target: {fileID: 8654080169431727295, guid: 95c1708c0eeb10245ad7a592c42acb09, type: 3}
      propertyPath: m_LocalEulerAnglesHint.y
      value: 0
      objectReference: {fileID: 0}
    - target: {fileID: 8654080169431727295, guid: 95c1708c0eeb10245ad7a592c42acb09, type: 3}
      propertyPath: m_LocalEulerAnglesHint.z
      value: 0
      objectReference: {fileID: 0}
    m_RemovedComponents: []
  m_SourcePrefab: {fileID: 100100000, guid: 95c1708c0eeb10245ad7a592c42acb09, type: 3}
--- !u!4 &7174670606607199486 stripped
Transform:
  m_CorrespondingSourceObject: {fileID: 8654080169431727295, guid: 95c1708c0eeb10245ad7a592c42acb09, type: 3}
  m_PrefabInstance: {fileID: 1984104978691182657}
  m_PrefabAsset: {fileID: 0}
--- !u!1001 &2212721065151419003
PrefabInstance:
  m_ObjectHideFlags: 0
  serializedVersion: 2
  m_Modification:
    m_TransformParent: {fileID: 2141914810921625508}
    m_Modifications:
    - target: {fileID: 5639106830512426668, guid: 95c1708c0eeb10245ad7a592c42acb09, type: 3}
      propertyPath: m_Name
      value: Small_box (6)
      objectReference: {fileID: 0}
    - target: {fileID: 8654080169431727295, guid: 95c1708c0eeb10245ad7a592c42acb09, type: 3}
      propertyPath: m_LocalPosition.x
      value: -0.012
      objectReference: {fileID: 0}
    - target: {fileID: 8654080169431727295, guid: 95c1708c0eeb10245ad7a592c42acb09, type: 3}
      propertyPath: m_LocalPosition.y
      value: 0.427
      objectReference: {fileID: 0}
    - target: {fileID: 8654080169431727295, guid: 95c1708c0eeb10245ad7a592c42acb09, type: 3}
      propertyPath: m_LocalPosition.z
      value: 0
      objectReference: {fileID: 0}
    - target: {fileID: 8654080169431727295, guid: 95c1708c0eeb10245ad7a592c42acb09, type: 3}
      propertyPath: m_LocalRotation.x
      value: 0
      objectReference: {fileID: 0}
    - target: {fileID: 8654080169431727295, guid: 95c1708c0eeb10245ad7a592c42acb09, type: 3}
      propertyPath: m_LocalRotation.y
      value: 0
      objectReference: {fileID: 0}
    - target: {fileID: 8654080169431727295, guid: 95c1708c0eeb10245ad7a592c42acb09, type: 3}
      propertyPath: m_LocalRotation.z
      value: 0
      objectReference: {fileID: 0}
    - target: {fileID: 8654080169431727295, guid: 95c1708c0eeb10245ad7a592c42acb09, type: 3}
      propertyPath: m_LocalRotation.w
      value: 1
      objectReference: {fileID: 0}
    - target: {fileID: 8654080169431727295, guid: 95c1708c0eeb10245ad7a592c42acb09, type: 3}
      propertyPath: m_RootOrder
      value: 4
      objectReference: {fileID: 0}
    - target: {fileID: 8654080169431727295, guid: 95c1708c0eeb10245ad7a592c42acb09, type: 3}
      propertyPath: m_LocalEulerAnglesHint.x
      value: 0
      objectReference: {fileID: 0}
    - target: {fileID: 8654080169431727295, guid: 95c1708c0eeb10245ad7a592c42acb09, type: 3}
      propertyPath: m_LocalEulerAnglesHint.y
      value: 0
      objectReference: {fileID: 0}
    - target: {fileID: 8654080169431727295, guid: 95c1708c0eeb10245ad7a592c42acb09, type: 3}
      propertyPath: m_LocalEulerAnglesHint.z
      value: 0
      objectReference: {fileID: 0}
    m_RemovedComponents: []
  m_SourcePrefab: {fileID: 100100000, guid: 95c1708c0eeb10245ad7a592c42acb09, type: 3}
--- !u!4 &7398378472644882116 stripped
Transform:
  m_CorrespondingSourceObject: {fileID: 8654080169431727295, guid: 95c1708c0eeb10245ad7a592c42acb09, type: 3}
  m_PrefabInstance: {fileID: 2212721065151419003}
  m_PrefabAsset: {fileID: 0}
--- !u!1001 &2708594047722885813
PrefabInstance:
  m_ObjectHideFlags: 0
  serializedVersion: 2
  m_Modification:
    m_TransformParent: {fileID: 6862064207675289738}
    m_Modifications:
    - target: {fileID: 5639106830512426668, guid: 95c1708c0eeb10245ad7a592c42acb09, type: 3}
      propertyPath: m_Name
      value: Small_box (3)
      objectReference: {fileID: 0}
    - target: {fileID: 8654080169431727295, guid: 95c1708c0eeb10245ad7a592c42acb09, type: 3}
      propertyPath: m_LocalPosition.x
      value: -0.433
      objectReference: {fileID: 0}
    - target: {fileID: 8654080169431727295, guid: 95c1708c0eeb10245ad7a592c42acb09, type: 3}
      propertyPath: m_LocalPosition.y
      value: 0.864
      objectReference: {fileID: 0}
    - target: {fileID: 8654080169431727295, guid: 95c1708c0eeb10245ad7a592c42acb09, type: 3}
      propertyPath: m_LocalPosition.z
      value: 0
      objectReference: {fileID: 0}
    - target: {fileID: 8654080169431727295, guid: 95c1708c0eeb10245ad7a592c42acb09, type: 3}
      propertyPath: m_LocalRotation.x
      value: 0
      objectReference: {fileID: 0}
    - target: {fileID: 8654080169431727295, guid: 95c1708c0eeb10245ad7a592c42acb09, type: 3}
      propertyPath: m_LocalRotation.y
      value: 0
      objectReference: {fileID: 0}
    - target: {fileID: 8654080169431727295, guid: 95c1708c0eeb10245ad7a592c42acb09, type: 3}
      propertyPath: m_LocalRotation.z
      value: 0
      objectReference: {fileID: 0}
    - target: {fileID: 8654080169431727295, guid: 95c1708c0eeb10245ad7a592c42acb09, type: 3}
      propertyPath: m_LocalRotation.w
      value: 1
      objectReference: {fileID: 0}
    - target: {fileID: 8654080169431727295, guid: 95c1708c0eeb10245ad7a592c42acb09, type: 3}
      propertyPath: m_RootOrder
      value: 7
      objectReference: {fileID: 0}
    - target: {fileID: 8654080169431727295, guid: 95c1708c0eeb10245ad7a592c42acb09, type: 3}
      propertyPath: m_LocalEulerAnglesHint.x
      value: 0
      objectReference: {fileID: 0}
    - target: {fileID: 8654080169431727295, guid: 95c1708c0eeb10245ad7a592c42acb09, type: 3}
      propertyPath: m_LocalEulerAnglesHint.y
      value: 0
      objectReference: {fileID: 0}
    - target: {fileID: 8654080169431727295, guid: 95c1708c0eeb10245ad7a592c42acb09, type: 3}
      propertyPath: m_LocalEulerAnglesHint.z
      value: 0
      objectReference: {fileID: 0}
    m_RemovedComponents: []
  m_SourcePrefab: {fileID: 100100000, guid: 95c1708c0eeb10245ad7a592c42acb09, type: 3}
--- !u!4 &6741787485291441674 stripped
Transform:
  m_CorrespondingSourceObject: {fileID: 8654080169431727295, guid: 95c1708c0eeb10245ad7a592c42acb09, type: 3}
  m_PrefabInstance: {fileID: 2708594047722885813}
  m_PrefabAsset: {fileID: 0}
--- !u!1001 &3069846956179104086
PrefabInstance:
  m_ObjectHideFlags: 0
  serializedVersion: 2
  m_Modification:
    m_TransformParent: {fileID: 2878216583253553273}
    m_Modifications:
    - target: {fileID: 5639106830512426668, guid: 95c1708c0eeb10245ad7a592c42acb09, type: 3}
      propertyPath: m_Name
      value: Small_box (1)
      objectReference: {fileID: 0}
    - target: {fileID: 8654080169431727295, guid: 95c1708c0eeb10245ad7a592c42acb09, type: 3}
      propertyPath: m_LocalPosition.x
      value: -0.433
      objectReference: {fileID: 0}
    - target: {fileID: 8654080169431727295, guid: 95c1708c0eeb10245ad7a592c42acb09, type: 3}
      propertyPath: m_LocalPosition.y
      value: 0
      objectReference: {fileID: 0}
    - target: {fileID: 8654080169431727295, guid: 95c1708c0eeb10245ad7a592c42acb09, type: 3}
      propertyPath: m_LocalPosition.z
      value: 0
      objectReference: {fileID: 0}
    - target: {fileID: 8654080169431727295, guid: 95c1708c0eeb10245ad7a592c42acb09, type: 3}
      propertyPath: m_LocalRotation.x
      value: 0
      objectReference: {fileID: 0}
    - target: {fileID: 8654080169431727295, guid: 95c1708c0eeb10245ad7a592c42acb09, type: 3}
      propertyPath: m_LocalRotation.y
      value: 0
      objectReference: {fileID: 0}
    - target: {fileID: 8654080169431727295, guid: 95c1708c0eeb10245ad7a592c42acb09, type: 3}
      propertyPath: m_LocalRotation.z
      value: 0
      objectReference: {fileID: 0}
    - target: {fileID: 8654080169431727295, guid: 95c1708c0eeb10245ad7a592c42acb09, type: 3}
      propertyPath: m_LocalRotation.w
      value: 1
      objectReference: {fileID: 0}
    - target: {fileID: 8654080169431727295, guid: 95c1708c0eeb10245ad7a592c42acb09, type: 3}
      propertyPath: m_RootOrder
      value: 0
      objectReference: {fileID: 0}
    - target: {fileID: 8654080169431727295, guid: 95c1708c0eeb10245ad7a592c42acb09, type: 3}
      propertyPath: m_LocalEulerAnglesHint.x
      value: 0
      objectReference: {fileID: 0}
    - target: {fileID: 8654080169431727295, guid: 95c1708c0eeb10245ad7a592c42acb09, type: 3}
      propertyPath: m_LocalEulerAnglesHint.y
      value: 0
      objectReference: {fileID: 0}
    - target: {fileID: 8654080169431727295, guid: 95c1708c0eeb10245ad7a592c42acb09, type: 3}
      propertyPath: m_LocalEulerAnglesHint.z
      value: 0
      objectReference: {fileID: 0}
    m_RemovedComponents: []
  m_SourcePrefab: {fileID: 100100000, guid: 95c1708c0eeb10245ad7a592c42acb09, type: 3}
--- !u!4 &5945650473462947305 stripped
Transform:
  m_CorrespondingSourceObject: {fileID: 8654080169431727295, guid: 95c1708c0eeb10245ad7a592c42acb09, type: 3}
  m_PrefabInstance: {fileID: 3069846956179104086}
  m_PrefabAsset: {fileID: 0}
--- !u!1001 &3619630826219648738
PrefabInstance:
  m_ObjectHideFlags: 0
  serializedVersion: 2
  m_Modification:
    m_TransformParent: {fileID: 2878216583253553273}
    m_Modifications:
    - target: {fileID: 5639106830512426668, guid: 95c1708c0eeb10245ad7a592c42acb09, type: 3}
      propertyPath: m_Name
      value: Small_box (2)
      objectReference: {fileID: 0}
    - target: {fileID: 8654080169431727295, guid: 95c1708c0eeb10245ad7a592c42acb09, type: 3}
      propertyPath: m_LocalPosition.x
      value: 0.404
      objectReference: {fileID: 0}
    - target: {fileID: 8654080169431727295, guid: 95c1708c0eeb10245ad7a592c42acb09, type: 3}
      propertyPath: m_LocalPosition.y
      value: 0
      objectReference: {fileID: 0}
    - target: {fileID: 8654080169431727295, guid: 95c1708c0eeb10245ad7a592c42acb09, type: 3}
      propertyPath: m_LocalPosition.z
      value: 0
      objectReference: {fileID: 0}
    - target: {fileID: 8654080169431727295, guid: 95c1708c0eeb10245ad7a592c42acb09, type: 3}
      propertyPath: m_LocalRotation.x
      value: 0
      objectReference: {fileID: 0}
    - target: {fileID: 8654080169431727295, guid: 95c1708c0eeb10245ad7a592c42acb09, type: 3}
      propertyPath: m_LocalRotation.y
      value: 0
      objectReference: {fileID: 0}
    - target: {fileID: 8654080169431727295, guid: 95c1708c0eeb10245ad7a592c42acb09, type: 3}
      propertyPath: m_LocalRotation.z
      value: 0
      objectReference: {fileID: 0}
    - target: {fileID: 8654080169431727295, guid: 95c1708c0eeb10245ad7a592c42acb09, type: 3}
      propertyPath: m_LocalRotation.w
      value: 1
      objectReference: {fileID: 0}
    - target: {fileID: 8654080169431727295, guid: 95c1708c0eeb10245ad7a592c42acb09, type: 3}
      propertyPath: m_RootOrder
      value: 1
      objectReference: {fileID: 0}
    - target: {fileID: 8654080169431727295, guid: 95c1708c0eeb10245ad7a592c42acb09, type: 3}
      propertyPath: m_LocalEulerAnglesHint.x
      value: 0
      objectReference: {fileID: 0}
    - target: {fileID: 8654080169431727295, guid: 95c1708c0eeb10245ad7a592c42acb09, type: 3}
      propertyPath: m_LocalEulerAnglesHint.y
      value: 0
      objectReference: {fileID: 0}
    - target: {fileID: 8654080169431727295, guid: 95c1708c0eeb10245ad7a592c42acb09, type: 3}
      propertyPath: m_LocalEulerAnglesHint.z
      value: 0
      objectReference: {fileID: 0}
    m_RemovedComponents: []
  m_SourcePrefab: {fileID: 100100000, guid: 95c1708c0eeb10245ad7a592c42acb09, type: 3}
--- !u!4 &5342108219019545181 stripped
Transform:
  m_CorrespondingSourceObject: {fileID: 8654080169431727295, guid: 95c1708c0eeb10245ad7a592c42acb09, type: 3}
  m_PrefabInstance: {fileID: 3619630826219648738}
  m_PrefabAsset: {fileID: 0}
--- !u!1001 &4032853865324913918
PrefabInstance:
  m_ObjectHideFlags: 0
  serializedVersion: 2
  m_Modification:
    m_TransformParent: {fileID: 6862064207675289738}
    m_Modifications:
    - target: {fileID: 5639106830512426668, guid: 95c1708c0eeb10245ad7a592c42acb09, type: 3}
      propertyPath: m_Name
      value: Small_box (8)
      objectReference: {fileID: 0}
    - target: {fileID: 8654080169431727295, guid: 95c1708c0eeb10245ad7a592c42acb09, type: 3}
      propertyPath: m_LocalPosition.x
      value: -0.433
      objectReference: {fileID: 0}
    - target: {fileID: 8654080169431727295, guid: 95c1708c0eeb10245ad7a592c42acb09, type: 3}
      propertyPath: m_LocalPosition.y
      value: 1.29
      objectReference: {fileID: 0}
    - target: {fileID: 8654080169431727295, guid: 95c1708c0eeb10245ad7a592c42acb09, type: 3}
      propertyPath: m_LocalPosition.z
      value: 0
      objectReference: {fileID: 0}
    - target: {fileID: 8654080169431727295, guid: 95c1708c0eeb10245ad7a592c42acb09, type: 3}
      propertyPath: m_LocalRotation.x
      value: 0
      objectReference: {fileID: 0}
    - target: {fileID: 8654080169431727295, guid: 95c1708c0eeb10245ad7a592c42acb09, type: 3}
      propertyPath: m_LocalRotation.y
      value: 0
      objectReference: {fileID: 0}
    - target: {fileID: 8654080169431727295, guid: 95c1708c0eeb10245ad7a592c42acb09, type: 3}
      propertyPath: m_LocalRotation.z
      value: 0
      objectReference: {fileID: 0}
    - target: {fileID: 8654080169431727295, guid: 95c1708c0eeb10245ad7a592c42acb09, type: 3}
      propertyPath: m_LocalRotation.w
      value: 1
      objectReference: {fileID: 0}
    - target: {fileID: 8654080169431727295, guid: 95c1708c0eeb10245ad7a592c42acb09, type: 3}
      propertyPath: m_RootOrder
      value: 8
      objectReference: {fileID: 0}
    - target: {fileID: 8654080169431727295, guid: 95c1708c0eeb10245ad7a592c42acb09, type: 3}
      propertyPath: m_LocalEulerAnglesHint.x
      value: 0
      objectReference: {fileID: 0}
    - target: {fileID: 8654080169431727295, guid: 95c1708c0eeb10245ad7a592c42acb09, type: 3}
      propertyPath: m_LocalEulerAnglesHint.y
      value: 0
      objectReference: {fileID: 0}
    - target: {fileID: 8654080169431727295, guid: 95c1708c0eeb10245ad7a592c42acb09, type: 3}
      propertyPath: m_LocalEulerAnglesHint.z
      value: 0
      objectReference: {fileID: 0}
    m_RemovedComponents: []
  m_SourcePrefab: {fileID: 100100000, guid: 95c1708c0eeb10245ad7a592c42acb09, type: 3}
--- !u!4 &5759799535542622273 stripped
Transform:
  m_CorrespondingSourceObject: {fileID: 8654080169431727295, guid: 95c1708c0eeb10245ad7a592c42acb09, type: 3}
  m_PrefabInstance: {fileID: 4032853865324913918}
  m_PrefabAsset: {fileID: 0}
--- !u!1001 &5186538469722791834
PrefabInstance:
  m_ObjectHideFlags: 0
  serializedVersion: 2
  m_Modification:
    m_TransformParent: {fileID: 6862064207675289738}
    m_Modifications:
    - target: {fileID: 5639106830512426668, guid: 95c1708c0eeb10245ad7a592c42acb09, type: 3}
      propertyPath: m_Name
      value: Small_box (7)
      objectReference: {fileID: 0}
    - target: {fileID: 8654080169431727295, guid: 95c1708c0eeb10245ad7a592c42acb09, type: 3}
      propertyPath: m_LocalPosition.x
      value: -0.017
      objectReference: {fileID: 0}
    - target: {fileID: 8654080169431727295, guid: 95c1708c0eeb10245ad7a592c42acb09, type: 3}
      propertyPath: m_LocalPosition.y
      value: 0.002
      objectReference: {fileID: 0}
    - target: {fileID: 8654080169431727295, guid: 95c1708c0eeb10245ad7a592c42acb09, type: 3}
      propertyPath: m_LocalPosition.z
      value: 0
      objectReference: {fileID: 0}
    - target: {fileID: 8654080169431727295, guid: 95c1708c0eeb10245ad7a592c42acb09, type: 3}
      propertyPath: m_LocalRotation.x
      value: 0
      objectReference: {fileID: 0}
    - target: {fileID: 8654080169431727295, guid: 95c1708c0eeb10245ad7a592c42acb09, type: 3}
      propertyPath: m_LocalRotation.y
      value: 0
      objectReference: {fileID: 0}
    - target: {fileID: 8654080169431727295, guid: 95c1708c0eeb10245ad7a592c42acb09, type: 3}
      propertyPath: m_LocalRotation.z
      value: 0
      objectReference: {fileID: 0}
    - target: {fileID: 8654080169431727295, guid: 95c1708c0eeb10245ad7a592c42acb09, type: 3}
      propertyPath: m_LocalRotation.w
      value: 1
      objectReference: {fileID: 0}
    - target: {fileID: 8654080169431727295, guid: 95c1708c0eeb10245ad7a592c42acb09, type: 3}
      propertyPath: m_RootOrder
      value: 5
      objectReference: {fileID: 0}
    - target: {fileID: 8654080169431727295, guid: 95c1708c0eeb10245ad7a592c42acb09, type: 3}
      propertyPath: m_LocalEulerAnglesHint.x
      value: 0
      objectReference: {fileID: 0}
    - target: {fileID: 8654080169431727295, guid: 95c1708c0eeb10245ad7a592c42acb09, type: 3}
      propertyPath: m_LocalEulerAnglesHint.y
      value: 0
      objectReference: {fileID: 0}
    - target: {fileID: 8654080169431727295, guid: 95c1708c0eeb10245ad7a592c42acb09, type: 3}
      propertyPath: m_LocalEulerAnglesHint.z
      value: 0
      objectReference: {fileID: 0}
    m_RemovedComponents: []
  m_SourcePrefab: {fileID: 100100000, guid: 95c1708c0eeb10245ad7a592c42acb09, type: 3}
--- !u!4 &4603577473047946021 stripped
Transform:
  m_CorrespondingSourceObject: {fileID: 8654080169431727295, guid: 95c1708c0eeb10245ad7a592c42acb09, type: 3}
  m_PrefabInstance: {fileID: 5186538469722791834}
  m_PrefabAsset: {fileID: 0}
--- !u!1001 &6096726612450187226
PrefabInstance:
  m_ObjectHideFlags: 0
  serializedVersion: 2
  m_Modification:
    m_TransformParent: {fileID: 2878216583253553273}
    m_Modifications:
    - target: {fileID: 5639106830512426668, guid: 95c1708c0eeb10245ad7a592c42acb09, type: 3}
      propertyPath: m_Name
      value: Small_box (5)
      objectReference: {fileID: 0}
    - target: {fileID: 8435155544614489793, guid: 95c1708c0eeb10245ad7a592c42acb09, type: 3}
      propertyPath: m_LocalPosition.x
      value: 0.004
      objectReference: {fileID: 0}
    - target: {fileID: 8654080169431727295, guid: 95c1708c0eeb10245ad7a592c42acb09, type: 3}
      propertyPath: m_LocalPosition.x
      value: 0.404
      objectReference: {fileID: 0}
    - target: {fileID: 8654080169431727295, guid: 95c1708c0eeb10245ad7a592c42acb09, type: 3}
      propertyPath: m_LocalPosition.y
      value: 0.42599997
      objectReference: {fileID: 0}
    - target: {fileID: 8654080169431727295, guid: 95c1708c0eeb10245ad7a592c42acb09, type: 3}
      propertyPath: m_LocalPosition.z
      value: 0
      objectReference: {fileID: 0}
    - target: {fileID: 8654080169431727295, guid: 95c1708c0eeb10245ad7a592c42acb09, type: 3}
      propertyPath: m_LocalRotation.x
      value: 0
      objectReference: {fileID: 0}
    - target: {fileID: 8654080169431727295, guid: 95c1708c0eeb10245ad7a592c42acb09, type: 3}
      propertyPath: m_LocalRotation.y
      value: 0
      objectReference: {fileID: 0}
    - target: {fileID: 8654080169431727295, guid: 95c1708c0eeb10245ad7a592c42acb09, type: 3}
      propertyPath: m_LocalRotation.z
      value: 0
      objectReference: {fileID: 0}
    - target: {fileID: 8654080169431727295, guid: 95c1708c0eeb10245ad7a592c42acb09, type: 3}
      propertyPath: m_LocalRotation.w
      value: 1
      objectReference: {fileID: 0}
    - target: {fileID: 8654080169431727295, guid: 95c1708c0eeb10245ad7a592c42acb09, type: 3}
      propertyPath: m_RootOrder
      value: 3
      objectReference: {fileID: 0}
    - target: {fileID: 8654080169431727295, guid: 95c1708c0eeb10245ad7a592c42acb09, type: 3}
      propertyPath: m_LocalEulerAnglesHint.x
      value: 0
      objectReference: {fileID: 0}
    - target: {fileID: 8654080169431727295, guid: 95c1708c0eeb10245ad7a592c42acb09, type: 3}
      propertyPath: m_LocalEulerAnglesHint.y
      value: 0
      objectReference: {fileID: 0}
    - target: {fileID: 8654080169431727295, guid: 95c1708c0eeb10245ad7a592c42acb09, type: 3}
      propertyPath: m_LocalEulerAnglesHint.z
      value: 0
      objectReference: {fileID: 0}
    m_RemovedComponents: []
  m_SourcePrefab: {fileID: 100100000, guid: 95c1708c0eeb10245ad7a592c42acb09, type: 3}
--- !u!4 &3207289288005348197 stripped
Transform:
  m_CorrespondingSourceObject: {fileID: 8654080169431727295, guid: 95c1708c0eeb10245ad7a592c42acb09, type: 3}
  m_PrefabInstance: {fileID: 6096726612450187226}
  m_PrefabAsset: {fileID: 0}
--- !u!1001 &6462398230996131832
PrefabInstance:
  m_ObjectHideFlags: 0
  serializedVersion: 2
  m_Modification:
    m_TransformParent: {fileID: 2141914810921625508}
    m_Modifications:
    - target: {fileID: 5639106830512426668, guid: 95c1708c0eeb10245ad7a592c42acb09, type: 3}
      propertyPath: m_Name
      value: Small_box (5)
      objectReference: {fileID: 0}
    - target: {fileID: 8435155544614489793, guid: 95c1708c0eeb10245ad7a592c42acb09, type: 3}
      propertyPath: m_LocalPosition.x
      value: 0.004
      objectReference: {fileID: 0}
    - target: {fileID: 8654080169431727295, guid: 95c1708c0eeb10245ad7a592c42acb09, type: 3}
      propertyPath: m_LocalPosition.x
      value: 0.404
      objectReference: {fileID: 0}
    - target: {fileID: 8654080169431727295, guid: 95c1708c0eeb10245ad7a592c42acb09, type: 3}
      propertyPath: m_LocalPosition.y
      value: 0.42599997
      objectReference: {fileID: 0}
    - target: {fileID: 8654080169431727295, guid: 95c1708c0eeb10245ad7a592c42acb09, type: 3}
      propertyPath: m_LocalPosition.z
      value: 0
      objectReference: {fileID: 0}
    - target: {fileID: 8654080169431727295, guid: 95c1708c0eeb10245ad7a592c42acb09, type: 3}
      propertyPath: m_LocalRotation.x
      value: 0
      objectReference: {fileID: 0}
    - target: {fileID: 8654080169431727295, guid: 95c1708c0eeb10245ad7a592c42acb09, type: 3}
      propertyPath: m_LocalRotation.y
      value: 0
      objectReference: {fileID: 0}
    - target: {fileID: 8654080169431727295, guid: 95c1708c0eeb10245ad7a592c42acb09, type: 3}
      propertyPath: m_LocalRotation.z
      value: 0
      objectReference: {fileID: 0}
    - target: {fileID: 8654080169431727295, guid: 95c1708c0eeb10245ad7a592c42acb09, type: 3}
      propertyPath: m_LocalRotation.w
      value: 1
      objectReference: {fileID: 0}
    - target: {fileID: 8654080169431727295, guid: 95c1708c0eeb10245ad7a592c42acb09, type: 3}
      propertyPath: m_RootOrder
      value: 3
      objectReference: {fileID: 0}
    - target: {fileID: 8654080169431727295, guid: 95c1708c0eeb10245ad7a592c42acb09, type: 3}
      propertyPath: m_LocalEulerAnglesHint.x
      value: 0
      objectReference: {fileID: 0}
    - target: {fileID: 8654080169431727295, guid: 95c1708c0eeb10245ad7a592c42acb09, type: 3}
      propertyPath: m_LocalEulerAnglesHint.y
      value: 0
      objectReference: {fileID: 0}
    - target: {fileID: 8654080169431727295, guid: 95c1708c0eeb10245ad7a592c42acb09, type: 3}
      propertyPath: m_LocalEulerAnglesHint.z
      value: 0
      objectReference: {fileID: 0}
    m_RemovedComponents: []
  m_SourcePrefab: {fileID: 100100000, guid: 95c1708c0eeb10245ad7a592c42acb09, type: 3}
--- !u!4 &2429257570525504327 stripped
Transform:
  m_CorrespondingSourceObject: {fileID: 8654080169431727295, guid: 95c1708c0eeb10245ad7a592c42acb09, type: 3}
  m_PrefabInstance: {fileID: 6462398230996131832}
  m_PrefabAsset: {fileID: 0}
--- !u!1001 &6505739519701936222
PrefabInstance:
  m_ObjectHideFlags: 0
  serializedVersion: 2
  m_Modification:
    m_TransformParent: {fileID: 2878216583253553273}
    m_Modifications:
    - target: {fileID: 5639106830512426668, guid: 95c1708c0eeb10245ad7a592c42acb09, type: 3}
      propertyPath: m_Name
      value: Small_box (6)
      objectReference: {fileID: 0}
    - target: {fileID: 8654080169431727295, guid: 95c1708c0eeb10245ad7a592c42acb09, type: 3}
      propertyPath: m_LocalPosition.x
      value: -0.012
      objectReference: {fileID: 0}
    - target: {fileID: 8654080169431727295, guid: 95c1708c0eeb10245ad7a592c42acb09, type: 3}
      propertyPath: m_LocalPosition.y
      value: 0.427
      objectReference: {fileID: 0}
    - target: {fileID: 8654080169431727295, guid: 95c1708c0eeb10245ad7a592c42acb09, type: 3}
      propertyPath: m_LocalPosition.z
      value: 0
      objectReference: {fileID: 0}
    - target: {fileID: 8654080169431727295, guid: 95c1708c0eeb10245ad7a592c42acb09, type: 3}
      propertyPath: m_LocalRotation.x
      value: 0
      objectReference: {fileID: 0}
    - target: {fileID: 8654080169431727295, guid: 95c1708c0eeb10245ad7a592c42acb09, type: 3}
      propertyPath: m_LocalRotation.y
      value: 0
      objectReference: {fileID: 0}
    - target: {fileID: 8654080169431727295, guid: 95c1708c0eeb10245ad7a592c42acb09, type: 3}
      propertyPath: m_LocalRotation.z
      value: 0
      objectReference: {fileID: 0}
    - target: {fileID: 8654080169431727295, guid: 95c1708c0eeb10245ad7a592c42acb09, type: 3}
      propertyPath: m_LocalRotation.w
      value: 1
      objectReference: {fileID: 0}
    - target: {fileID: 8654080169431727295, guid: 95c1708c0eeb10245ad7a592c42acb09, type: 3}
      propertyPath: m_RootOrder
      value: 4
      objectReference: {fileID: 0}
    - target: {fileID: 8654080169431727295, guid: 95c1708c0eeb10245ad7a592c42acb09, type: 3}
      propertyPath: m_LocalEulerAnglesHint.x
      value: 0
      objectReference: {fileID: 0}
    - target: {fileID: 8654080169431727295, guid: 95c1708c0eeb10245ad7a592c42acb09, type: 3}
      propertyPath: m_LocalEulerAnglesHint.y
      value: 0
      objectReference: {fileID: 0}
    - target: {fileID: 8654080169431727295, guid: 95c1708c0eeb10245ad7a592c42acb09, type: 3}
      propertyPath: m_LocalEulerAnglesHint.z
      value: 0
      objectReference: {fileID: 0}
    m_RemovedComponents: []
  m_SourcePrefab: {fileID: 100100000, guid: 95c1708c0eeb10245ad7a592c42acb09, type: 3}
--- !u!4 &2472616450900563169 stripped
Transform:
  m_CorrespondingSourceObject: {fileID: 8654080169431727295, guid: 95c1708c0eeb10245ad7a592c42acb09, type: 3}
  m_PrefabInstance: {fileID: 6505739519701936222}
  m_PrefabAsset: {fileID: 0}
--- !u!1001 &6519393075985627300
PrefabInstance:
  m_ObjectHideFlags: 0
  serializedVersion: 2
  m_Modification:
    m_TransformParent: {fileID: 2878216583253553273}
    m_Modifications:
    - target: {fileID: 5639106830512426668, guid: 95c1708c0eeb10245ad7a592c42acb09, type: 3}
      propertyPath: m_Name
      value: Small_box (7)
      objectReference: {fileID: 0}
    - target: {fileID: 8654080169431727295, guid: 95c1708c0eeb10245ad7a592c42acb09, type: 3}
      propertyPath: m_LocalPosition.x
      value: -0.017
      objectReference: {fileID: 0}
    - target: {fileID: 8654080169431727295, guid: 95c1708c0eeb10245ad7a592c42acb09, type: 3}
      propertyPath: m_LocalPosition.y
      value: 0.002
      objectReference: {fileID: 0}
    - target: {fileID: 8654080169431727295, guid: 95c1708c0eeb10245ad7a592c42acb09, type: 3}
      propertyPath: m_LocalPosition.z
      value: 0
      objectReference: {fileID: 0}
    - target: {fileID: 8654080169431727295, guid: 95c1708c0eeb10245ad7a592c42acb09, type: 3}
      propertyPath: m_LocalRotation.x
      value: 0
      objectReference: {fileID: 0}
    - target: {fileID: 8654080169431727295, guid: 95c1708c0eeb10245ad7a592c42acb09, type: 3}
      propertyPath: m_LocalRotation.y
      value: 0
      objectReference: {fileID: 0}
    - target: {fileID: 8654080169431727295, guid: 95c1708c0eeb10245ad7a592c42acb09, type: 3}
      propertyPath: m_LocalRotation.z
      value: 0
      objectReference: {fileID: 0}
    - target: {fileID: 8654080169431727295, guid: 95c1708c0eeb10245ad7a592c42acb09, type: 3}
      propertyPath: m_LocalRotation.w
      value: 1
      objectReference: {fileID: 0}
    - target: {fileID: 8654080169431727295, guid: 95c1708c0eeb10245ad7a592c42acb09, type: 3}
      propertyPath: m_RootOrder
      value: 5
      objectReference: {fileID: 0}
    - target: {fileID: 8654080169431727295, guid: 95c1708c0eeb10245ad7a592c42acb09, type: 3}
      propertyPath: m_LocalEulerAnglesHint.x
      value: 0
      objectReference: {fileID: 0}
    - target: {fileID: 8654080169431727295, guid: 95c1708c0eeb10245ad7a592c42acb09, type: 3}
      propertyPath: m_LocalEulerAnglesHint.y
      value: 0
      objectReference: {fileID: 0}
    - target: {fileID: 8654080169431727295, guid: 95c1708c0eeb10245ad7a592c42acb09, type: 3}
      propertyPath: m_LocalEulerAnglesHint.z
      value: 0
      objectReference: {fileID: 0}
    m_RemovedComponents: []
  m_SourcePrefab: {fileID: 100100000, guid: 95c1708c0eeb10245ad7a592c42acb09, type: 3}
--- !u!4 &2477245215610061851 stripped
Transform:
  m_CorrespondingSourceObject: {fileID: 8654080169431727295, guid: 95c1708c0eeb10245ad7a592c42acb09, type: 3}
  m_PrefabInstance: {fileID: 6519393075985627300}
  m_PrefabAsset: {fileID: 0}
--- !u!1001 &6862064206870709048
PrefabInstance:
  m_ObjectHideFlags: 0
  serializedVersion: 2
  m_Modification:
    m_TransformParent: {fileID: 6862064207675289738}
    m_Modifications:
    - target: {fileID: 5639106830512426668, guid: 95c1708c0eeb10245ad7a592c42acb09, type: 3}
      propertyPath: m_Name
      value: Small_box (1)
      objectReference: {fileID: 0}
    - target: {fileID: 8654080169431727295, guid: 95c1708c0eeb10245ad7a592c42acb09, type: 3}
      propertyPath: m_LocalPosition.x
      value: -0.433
      objectReference: {fileID: 0}
    - target: {fileID: 8654080169431727295, guid: 95c1708c0eeb10245ad7a592c42acb09, type: 3}
      propertyPath: m_LocalPosition.y
      value: 0
      objectReference: {fileID: 0}
    - target: {fileID: 8654080169431727295, guid: 95c1708c0eeb10245ad7a592c42acb09, type: 3}
      propertyPath: m_LocalPosition.z
      value: 0
      objectReference: {fileID: 0}
    - target: {fileID: 8654080169431727295, guid: 95c1708c0eeb10245ad7a592c42acb09, type: 3}
      propertyPath: m_LocalRotation.x
      value: 0
      objectReference: {fileID: 0}
    - target: {fileID: 8654080169431727295, guid: 95c1708c0eeb10245ad7a592c42acb09, type: 3}
      propertyPath: m_LocalRotation.y
      value: 0
      objectReference: {fileID: 0}
    - target: {fileID: 8654080169431727295, guid: 95c1708c0eeb10245ad7a592c42acb09, type: 3}
      propertyPath: m_LocalRotation.z
      value: 0
      objectReference: {fileID: 0}
    - target: {fileID: 8654080169431727295, guid: 95c1708c0eeb10245ad7a592c42acb09, type: 3}
      propertyPath: m_LocalRotation.w
      value: 1
      objectReference: {fileID: 0}
    - target: {fileID: 8654080169431727295, guid: 95c1708c0eeb10245ad7a592c42acb09, type: 3}
      propertyPath: m_RootOrder
      value: 0
      objectReference: {fileID: 0}
    - target: {fileID: 8654080169431727295, guid: 95c1708c0eeb10245ad7a592c42acb09, type: 3}
      propertyPath: m_LocalEulerAnglesHint.x
      value: 0
      objectReference: {fileID: 0}
    - target: {fileID: 8654080169431727295, guid: 95c1708c0eeb10245ad7a592c42acb09, type: 3}
      propertyPath: m_LocalEulerAnglesHint.y
      value: 0
      objectReference: {fileID: 0}
    - target: {fileID: 8654080169431727295, guid: 95c1708c0eeb10245ad7a592c42acb09, type: 3}
      propertyPath: m_LocalEulerAnglesHint.z
      value: 0
      objectReference: {fileID: 0}
    m_RemovedComponents: []
  m_SourcePrefab: {fileID: 100100000, guid: 95c1708c0eeb10245ad7a592c42acb09, type: 3}
--- !u!4 &2820250735462678407 stripped
Transform:
  m_CorrespondingSourceObject: {fileID: 8654080169431727295, guid: 95c1708c0eeb10245ad7a592c42acb09, type: 3}
  m_PrefabInstance: {fileID: 6862064206870709048}
  m_PrefabAsset: {fileID: 0}
--- !u!1001 &6862064207296946081
PrefabInstance:
  m_ObjectHideFlags: 0
  serializedVersion: 2
  m_Modification:
    m_TransformParent: {fileID: 6862064207675289738}
    m_Modifications:
    - target: {fileID: 5639106830512426668, guid: 95c1708c0eeb10245ad7a592c42acb09, type: 3}
      propertyPath: m_Name
      value: Small_box (5)
      objectReference: {fileID: 0}
    - target: {fileID: 8435155544614489793, guid: 95c1708c0eeb10245ad7a592c42acb09, type: 3}
      propertyPath: m_LocalPosition.x
      value: 0.004
      objectReference: {fileID: 0}
    - target: {fileID: 8654080169431727295, guid: 95c1708c0eeb10245ad7a592c42acb09, type: 3}
      propertyPath: m_LocalPosition.x
      value: 0.404
      objectReference: {fileID: 0}
    - target: {fileID: 8654080169431727295, guid: 95c1708c0eeb10245ad7a592c42acb09, type: 3}
      propertyPath: m_LocalPosition.y
      value: 0.42599997
      objectReference: {fileID: 0}
    - target: {fileID: 8654080169431727295, guid: 95c1708c0eeb10245ad7a592c42acb09, type: 3}
      propertyPath: m_LocalPosition.z
      value: 0
      objectReference: {fileID: 0}
    - target: {fileID: 8654080169431727295, guid: 95c1708c0eeb10245ad7a592c42acb09, type: 3}
      propertyPath: m_LocalRotation.x
      value: 0
      objectReference: {fileID: 0}
    - target: {fileID: 8654080169431727295, guid: 95c1708c0eeb10245ad7a592c42acb09, type: 3}
      propertyPath: m_LocalRotation.y
      value: 0
      objectReference: {fileID: 0}
    - target: {fileID: 8654080169431727295, guid: 95c1708c0eeb10245ad7a592c42acb09, type: 3}
      propertyPath: m_LocalRotation.z
      value: 0
      objectReference: {fileID: 0}
    - target: {fileID: 8654080169431727295, guid: 95c1708c0eeb10245ad7a592c42acb09, type: 3}
      propertyPath: m_LocalRotation.w
      value: 1
      objectReference: {fileID: 0}
    - target: {fileID: 8654080169431727295, guid: 95c1708c0eeb10245ad7a592c42acb09, type: 3}
      propertyPath: m_RootOrder
      value: 3
      objectReference: {fileID: 0}
    - target: {fileID: 8654080169431727295, guid: 95c1708c0eeb10245ad7a592c42acb09, type: 3}
      propertyPath: m_LocalEulerAnglesHint.x
      value: 0
      objectReference: {fileID: 0}
    - target: {fileID: 8654080169431727295, guid: 95c1708c0eeb10245ad7a592c42acb09, type: 3}
      propertyPath: m_LocalEulerAnglesHint.y
      value: 0
      objectReference: {fileID: 0}
    - target: {fileID: 8654080169431727295, guid: 95c1708c0eeb10245ad7a592c42acb09, type: 3}
      propertyPath: m_LocalEulerAnglesHint.z
      value: 0
      objectReference: {fileID: 0}
    m_RemovedComponents: []
  m_SourcePrefab: {fileID: 100100000, guid: 95c1708c0eeb10245ad7a592c42acb09, type: 3}
--- !u!4 &2820250736412173086 stripped
Transform:
  m_CorrespondingSourceObject: {fileID: 8654080169431727295, guid: 95c1708c0eeb10245ad7a592c42acb09, type: 3}
  m_PrefabInstance: {fileID: 6862064207296946081}
  m_PrefabAsset: {fileID: 0}
--- !u!1001 &6862064207465927131
PrefabInstance:
  m_ObjectHideFlags: 0
  serializedVersion: 2
  m_Modification:
    m_TransformParent: {fileID: 6862064207675289738}
    m_Modifications:
    - target: {fileID: 5639106830512426668, guid: 95c1708c0eeb10245ad7a592c42acb09, type: 3}
      propertyPath: m_Name
      value: Small_box (2)
      objectReference: {fileID: 0}
    - target: {fileID: 8654080169431727295, guid: 95c1708c0eeb10245ad7a592c42acb09, type: 3}
      propertyPath: m_LocalPosition.x
      value: 0.404
      objectReference: {fileID: 0}
    - target: {fileID: 8654080169431727295, guid: 95c1708c0eeb10245ad7a592c42acb09, type: 3}
      propertyPath: m_LocalPosition.y
      value: 0
      objectReference: {fileID: 0}
    - target: {fileID: 8654080169431727295, guid: 95c1708c0eeb10245ad7a592c42acb09, type: 3}
      propertyPath: m_LocalPosition.z
      value: 0
      objectReference: {fileID: 0}
    - target: {fileID: 8654080169431727295, guid: 95c1708c0eeb10245ad7a592c42acb09, type: 3}
      propertyPath: m_LocalRotation.x
      value: 0
      objectReference: {fileID: 0}
    - target: {fileID: 8654080169431727295, guid: 95c1708c0eeb10245ad7a592c42acb09, type: 3}
      propertyPath: m_LocalRotation.y
      value: 0
      objectReference: {fileID: 0}
    - target: {fileID: 8654080169431727295, guid: 95c1708c0eeb10245ad7a592c42acb09, type: 3}
      propertyPath: m_LocalRotation.z
      value: 0
      objectReference: {fileID: 0}
    - target: {fileID: 8654080169431727295, guid: 95c1708c0eeb10245ad7a592c42acb09, type: 3}
      propertyPath: m_LocalRotation.w
      value: 1
      objectReference: {fileID: 0}
    - target: {fileID: 8654080169431727295, guid: 95c1708c0eeb10245ad7a592c42acb09, type: 3}
      propertyPath: m_RootOrder
      value: 1
      objectReference: {fileID: 0}
    - target: {fileID: 8654080169431727295, guid: 95c1708c0eeb10245ad7a592c42acb09, type: 3}
      propertyPath: m_LocalEulerAnglesHint.x
      value: 0
      objectReference: {fileID: 0}
    - target: {fileID: 8654080169431727295, guid: 95c1708c0eeb10245ad7a592c42acb09, type: 3}
      propertyPath: m_LocalEulerAnglesHint.y
      value: 0
      objectReference: {fileID: 0}
    - target: {fileID: 8654080169431727295, guid: 95c1708c0eeb10245ad7a592c42acb09, type: 3}
      propertyPath: m_LocalEulerAnglesHint.z
      value: 0
      objectReference: {fileID: 0}
    m_RemovedComponents: []
  m_SourcePrefab: {fileID: 100100000, guid: 95c1708c0eeb10245ad7a592c42acb09, type: 3}
--- !u!4 &2820250736042388836 stripped
Transform:
  m_CorrespondingSourceObject: {fileID: 8654080169431727295, guid: 95c1708c0eeb10245ad7a592c42acb09, type: 3}
  m_PrefabInstance: {fileID: 6862064207465927131}
  m_PrefabAsset: {fileID: 0}
--- !u!1001 &6862064208567149290
PrefabInstance:
  m_ObjectHideFlags: 0
  serializedVersion: 2
  m_Modification:
    m_TransformParent: {fileID: 6862064207675289738}
    m_Modifications:
    - target: {fileID: 5639106830512426668, guid: 95c1708c0eeb10245ad7a592c42acb09, type: 3}
      propertyPath: m_Name
      value: Small_box (4)
      objectReference: {fileID: 0}
    - target: {fileID: 8654080169431727295, guid: 95c1708c0eeb10245ad7a592c42acb09, type: 3}
      propertyPath: m_LocalPosition.x
      value: -0.433
      objectReference: {fileID: 0}
    - target: {fileID: 8654080169431727295, guid: 95c1708c0eeb10245ad7a592c42acb09, type: 3}
      propertyPath: m_LocalPosition.y
      value: 0.42599997
      objectReference: {fileID: 0}
    - target: {fileID: 8654080169431727295, guid: 95c1708c0eeb10245ad7a592c42acb09, type: 3}
      propertyPath: m_LocalPosition.z
      value: 0
      objectReference: {fileID: 0}
    - target: {fileID: 8654080169431727295, guid: 95c1708c0eeb10245ad7a592c42acb09, type: 3}
      propertyPath: m_LocalRotation.x
      value: 0
      objectReference: {fileID: 0}
    - target: {fileID: 8654080169431727295, guid: 95c1708c0eeb10245ad7a592c42acb09, type: 3}
      propertyPath: m_LocalRotation.y
      value: 0
      objectReference: {fileID: 0}
    - target: {fileID: 8654080169431727295, guid: 95c1708c0eeb10245ad7a592c42acb09, type: 3}
      propertyPath: m_LocalRotation.z
      value: 0
      objectReference: {fileID: 0}
    - target: {fileID: 8654080169431727295, guid: 95c1708c0eeb10245ad7a592c42acb09, type: 3}
      propertyPath: m_LocalRotation.w
      value: 1
      objectReference: {fileID: 0}
    - target: {fileID: 8654080169431727295, guid: 95c1708c0eeb10245ad7a592c42acb09, type: 3}
      propertyPath: m_RootOrder
      value: 2
      objectReference: {fileID: 0}
    - target: {fileID: 8654080169431727295, guid: 95c1708c0eeb10245ad7a592c42acb09, type: 3}
      propertyPath: m_LocalEulerAnglesHint.x
      value: 0
      objectReference: {fileID: 0}
    - target: {fileID: 8654080169431727295, guid: 95c1708c0eeb10245ad7a592c42acb09, type: 3}
      propertyPath: m_LocalEulerAnglesHint.y
      value: 0
      objectReference: {fileID: 0}
    - target: {fileID: 8654080169431727295, guid: 95c1708c0eeb10245ad7a592c42acb09, type: 3}
      propertyPath: m_LocalEulerAnglesHint.z
      value: 0
      objectReference: {fileID: 0}
    m_RemovedComponents: []
  m_SourcePrefab: {fileID: 100100000, guid: 95c1708c0eeb10245ad7a592c42acb09, type: 3}
--- !u!4 &2820250737281064533 stripped
Transform:
  m_CorrespondingSourceObject: {fileID: 8654080169431727295, guid: 95c1708c0eeb10245ad7a592c42acb09, type: 3}
  m_PrefabInstance: {fileID: 6862064208567149290}
  m_PrefabAsset: {fileID: 0}
--- !u!1001 &8015091336908962916
PrefabInstance:
  m_ObjectHideFlags: 0
  serializedVersion: 2
  m_Modification:
    m_TransformParent: {fileID: 2141914810921625508}
    m_Modifications:
    - target: {fileID: 5639106830512426668, guid: 95c1708c0eeb10245ad7a592c42acb09, type: 3}
      propertyPath: m_Name
      value: Small_box (4)
      objectReference: {fileID: 0}
    - target: {fileID: 8654080169431727295, guid: 95c1708c0eeb10245ad7a592c42acb09, type: 3}
      propertyPath: m_LocalPosition.x
      value: -0.433
      objectReference: {fileID: 0}
    - target: {fileID: 8654080169431727295, guid: 95c1708c0eeb10245ad7a592c42acb09, type: 3}
      propertyPath: m_LocalPosition.y
      value: 0.42599997
      objectReference: {fileID: 0}
    - target: {fileID: 8654080169431727295, guid: 95c1708c0eeb10245ad7a592c42acb09, type: 3}
      propertyPath: m_LocalPosition.z
      value: 0
      objectReference: {fileID: 0}
    - target: {fileID: 8654080169431727295, guid: 95c1708c0eeb10245ad7a592c42acb09, type: 3}
      propertyPath: m_LocalRotation.x
      value: 0
      objectReference: {fileID: 0}
    - target: {fileID: 8654080169431727295, guid: 95c1708c0eeb10245ad7a592c42acb09, type: 3}
      propertyPath: m_LocalRotation.y
      value: 0
      objectReference: {fileID: 0}
    - target: {fileID: 8654080169431727295, guid: 95c1708c0eeb10245ad7a592c42acb09, type: 3}
      propertyPath: m_LocalRotation.z
      value: 0
      objectReference: {fileID: 0}
    - target: {fileID: 8654080169431727295, guid: 95c1708c0eeb10245ad7a592c42acb09, type: 3}
      propertyPath: m_LocalRotation.w
      value: 1
      objectReference: {fileID: 0}
    - target: {fileID: 8654080169431727295, guid: 95c1708c0eeb10245ad7a592c42acb09, type: 3}
      propertyPath: m_RootOrder
      value: 2
      objectReference: {fileID: 0}
    - target: {fileID: 8654080169431727295, guid: 95c1708c0eeb10245ad7a592c42acb09, type: 3}
      propertyPath: m_LocalEulerAnglesHint.x
      value: 0
      objectReference: {fileID: 0}
    - target: {fileID: 8654080169431727295, guid: 95c1708c0eeb10245ad7a592c42acb09, type: 3}
      propertyPath: m_LocalEulerAnglesHint.y
      value: 0
      objectReference: {fileID: 0}
    - target: {fileID: 8654080169431727295, guid: 95c1708c0eeb10245ad7a592c42acb09, type: 3}
      propertyPath: m_LocalEulerAnglesHint.z
      value: 0
      objectReference: {fileID: 0}
    m_RemovedComponents: []
  m_SourcePrefab: {fileID: 100100000, guid: 95c1708c0eeb10245ad7a592c42acb09, type: 3}
--- !u!4 &1666942138299842779 stripped
Transform:
  m_CorrespondingSourceObject: {fileID: 8654080169431727295, guid: 95c1708c0eeb10245ad7a592c42acb09, type: 3}
  m_PrefabInstance: {fileID: 8015091336908962916}
  m_PrefabAsset: {fileID: 0}
--- !u!1001 &8032377522030100997
PrefabInstance:
  m_ObjectHideFlags: 0
  serializedVersion: 2
  m_Modification:
    m_TransformParent: {fileID: 6862064207675289738}
    m_Modifications:
    - target: {fileID: 5639106830512426668, guid: 95c1708c0eeb10245ad7a592c42acb09, type: 3}
      propertyPath: m_Name
      value: Small_box (6)
      objectReference: {fileID: 0}
    - target: {fileID: 8654080169431727295, guid: 95c1708c0eeb10245ad7a592c42acb09, type: 3}
      propertyPath: m_LocalPosition.x
      value: -0.012
      objectReference: {fileID: 0}
    - target: {fileID: 8654080169431727295, guid: 95c1708c0eeb10245ad7a592c42acb09, type: 3}
      propertyPath: m_LocalPosition.y
      value: 0.427
      objectReference: {fileID: 0}
    - target: {fileID: 8654080169431727295, guid: 95c1708c0eeb10245ad7a592c42acb09, type: 3}
      propertyPath: m_LocalPosition.z
      value: 0
      objectReference: {fileID: 0}
    - target: {fileID: 8654080169431727295, guid: 95c1708c0eeb10245ad7a592c42acb09, type: 3}
      propertyPath: m_LocalRotation.x
      value: 0
      objectReference: {fileID: 0}
    - target: {fileID: 8654080169431727295, guid: 95c1708c0eeb10245ad7a592c42acb09, type: 3}
      propertyPath: m_LocalRotation.y
      value: 0
      objectReference: {fileID: 0}
    - target: {fileID: 8654080169431727295, guid: 95c1708c0eeb10245ad7a592c42acb09, type: 3}
      propertyPath: m_LocalRotation.z
      value: 0
      objectReference: {fileID: 0}
    - target: {fileID: 8654080169431727295, guid: 95c1708c0eeb10245ad7a592c42acb09, type: 3}
      propertyPath: m_LocalRotation.w
      value: 1
      objectReference: {fileID: 0}
    - target: {fileID: 8654080169431727295, guid: 95c1708c0eeb10245ad7a592c42acb09, type: 3}
      propertyPath: m_RootOrder
      value: 4
      objectReference: {fileID: 0}
    - target: {fileID: 8654080169431727295, guid: 95c1708c0eeb10245ad7a592c42acb09, type: 3}
      propertyPath: m_LocalEulerAnglesHint.x
      value: 0
      objectReference: {fileID: 0}
    - target: {fileID: 8654080169431727295, guid: 95c1708c0eeb10245ad7a592c42acb09, type: 3}
      propertyPath: m_LocalEulerAnglesHint.y
      value: 0
      objectReference: {fileID: 0}
    - target: {fileID: 8654080169431727295, guid: 95c1708c0eeb10245ad7a592c42acb09, type: 3}
      propertyPath: m_LocalEulerAnglesHint.z
      value: 0
      objectReference: {fileID: 0}
    m_RemovedComponents: []
  m_SourcePrefab: {fileID: 100100000, guid: 95c1708c0eeb10245ad7a592c42acb09, type: 3}
--- !u!4 &1684844187248574138 stripped
Transform:
  m_CorrespondingSourceObject: {fileID: 8654080169431727295, guid: 95c1708c0eeb10245ad7a592c42acb09, type: 3}
  m_PrefabInstance: {fileID: 8032377522030100997}
  m_PrefabAsset: {fileID: 0}
--- !u!1001 &8265957406003497222
PrefabInstance:
  m_ObjectHideFlags: 0
  serializedVersion: 2
  m_Modification:
    m_TransformParent: {fileID: 2141914810921625508}
    m_Modifications:
    - target: {fileID: 5639106830512426668, guid: 95c1708c0eeb10245ad7a592c42acb09, type: 3}
      propertyPath: m_Name
      value: Small_box (7)
      objectReference: {fileID: 0}
    - target: {fileID: 8654080169431727295, guid: 95c1708c0eeb10245ad7a592c42acb09, type: 3}
      propertyPath: m_LocalPosition.x
      value: -0.017
      objectReference: {fileID: 0}
    - target: {fileID: 8654080169431727295, guid: 95c1708c0eeb10245ad7a592c42acb09, type: 3}
      propertyPath: m_LocalPosition.y
      value: 0.002
      objectReference: {fileID: 0}
    - target: {fileID: 8654080169431727295, guid: 95c1708c0eeb10245ad7a592c42acb09, type: 3}
      propertyPath: m_LocalPosition.z
      value: 0
      objectReference: {fileID: 0}
    - target: {fileID: 8654080169431727295, guid: 95c1708c0eeb10245ad7a592c42acb09, type: 3}
      propertyPath: m_LocalRotation.x
      value: 0
      objectReference: {fileID: 0}
    - target: {fileID: 8654080169431727295, guid: 95c1708c0eeb10245ad7a592c42acb09, type: 3}
      propertyPath: m_LocalRotation.y
      value: 0
      objectReference: {fileID: 0}
    - target: {fileID: 8654080169431727295, guid: 95c1708c0eeb10245ad7a592c42acb09, type: 3}
      propertyPath: m_LocalRotation.z
      value: 0
      objectReference: {fileID: 0}
    - target: {fileID: 8654080169431727295, guid: 95c1708c0eeb10245ad7a592c42acb09, type: 3}
      propertyPath: m_LocalRotation.w
      value: 1
      objectReference: {fileID: 0}
    - target: {fileID: 8654080169431727295, guid: 95c1708c0eeb10245ad7a592c42acb09, type: 3}
      propertyPath: m_RootOrder
      value: 5
      objectReference: {fileID: 0}
    - target: {fileID: 8654080169431727295, guid: 95c1708c0eeb10245ad7a592c42acb09, type: 3}
      propertyPath: m_LocalEulerAnglesHint.x
      value: 0
      objectReference: {fileID: 0}
    - target: {fileID: 8654080169431727295, guid: 95c1708c0eeb10245ad7a592c42acb09, type: 3}
      propertyPath: m_LocalEulerAnglesHint.y
      value: 0
      objectReference: {fileID: 0}
    - target: {fileID: 8654080169431727295, guid: 95c1708c0eeb10245ad7a592c42acb09, type: 3}
      propertyPath: m_LocalEulerAnglesHint.z
      value: 0
      objectReference: {fileID: 0}
    m_RemovedComponents: []
  m_SourcePrefab: {fileID: 100100000, guid: 95c1708c0eeb10245ad7a592c42acb09, type: 3}
--- !u!4 &770093989870433721 stripped
Transform:
  m_CorrespondingSourceObject: {fileID: 8654080169431727295, guid: 95c1708c0eeb10245ad7a592c42acb09, type: 3}
  m_PrefabInstance: {fileID: 8265957406003497222}
  m_PrefabAsset: {fileID: 0}
--- !u!1001 &8561053366717129523
PrefabInstance:
  m_ObjectHideFlags: 0
  serializedVersion: 2
  m_Modification:
    m_TransformParent: {fileID: 2878216583253553273}
    m_Modifications:
    - target: {fileID: 5639106830512426668, guid: 95c1708c0eeb10245ad7a592c42acb09, type: 3}
      propertyPath: m_Name
      value: Small_box (4)
      objectReference: {fileID: 0}
    - target: {fileID: 8654080169431727295, guid: 95c1708c0eeb10245ad7a592c42acb09, type: 3}
      propertyPath: m_LocalPosition.x
      value: -0.433
      objectReference: {fileID: 0}
    - target: {fileID: 8654080169431727295, guid: 95c1708c0eeb10245ad7a592c42acb09, type: 3}
      propertyPath: m_LocalPosition.y
      value: 0.42599997
      objectReference: {fileID: 0}
    - target: {fileID: 8654080169431727295, guid: 95c1708c0eeb10245ad7a592c42acb09, type: 3}
      propertyPath: m_LocalPosition.z
      value: 0
      objectReference: {fileID: 0}
    - target: {fileID: 8654080169431727295, guid: 95c1708c0eeb10245ad7a592c42acb09, type: 3}
      propertyPath: m_LocalRotation.x
      value: 0
      objectReference: {fileID: 0}
    - target: {fileID: 8654080169431727295, guid: 95c1708c0eeb10245ad7a592c42acb09, type: 3}
      propertyPath: m_LocalRotation.y
      value: 0
      objectReference: {fileID: 0}
    - target: {fileID: 8654080169431727295, guid: 95c1708c0eeb10245ad7a592c42acb09, type: 3}
      propertyPath: m_LocalRotation.z
      value: 0
      objectReference: {fileID: 0}
    - target: {fileID: 8654080169431727295, guid: 95c1708c0eeb10245ad7a592c42acb09, type: 3}
      propertyPath: m_LocalRotation.w
      value: 1
      objectReference: {fileID: 0}
    - target: {fileID: 8654080169431727295, guid: 95c1708c0eeb10245ad7a592c42acb09, type: 3}
      propertyPath: m_RootOrder
      value: 2
      objectReference: {fileID: 0}
    - target: {fileID: 8654080169431727295, guid: 95c1708c0eeb10245ad7a592c42acb09, type: 3}
      propertyPath: m_LocalEulerAnglesHint.x
      value: 0
      objectReference: {fileID: 0}
    - target: {fileID: 8654080169431727295, guid: 95c1708c0eeb10245ad7a592c42acb09, type: 3}
      propertyPath: m_LocalEulerAnglesHint.y
      value: 0
      objectReference: {fileID: 0}
    - target: {fileID: 8654080169431727295, guid: 95c1708c0eeb10245ad7a592c42acb09, type: 3}
      propertyPath: m_LocalEulerAnglesHint.z
      value: 0
      objectReference: {fileID: 0}
    m_RemovedComponents: []
  m_SourcePrefab: {fileID: 100100000, guid: 95c1708c0eeb10245ad7a592c42acb09, type: 3}
--- !u!4 &1069464988695715724 stripped
Transform:
  m_CorrespondingSourceObject: {fileID: 8654080169431727295, guid: 95c1708c0eeb10245ad7a592c42acb09, type: 3}
  m_PrefabInstance: {fileID: 8561053366717129523}
  m_PrefabAsset: {fileID: 0}
