%YAML 1.1
%TAG !u! tag:unity3d.com,2011:
--- !u!1 &6862064207675289739
GameObject:
  m_ObjectHideFlags: 0
  m_CorrespondingSourceObject: {fileID: 0}
  m_PrefabInstance: {fileID: 0}
  m_PrefabAsset: {fileID: 0}
  serializedVersion: 6
  m_Component:
  - component: {fileID: 6862064207675289738}
  m_Layer: 0
  m_Name: Set_3_1
  m_TagString: Untagged
  m_Icon: {fileID: 0}
  m_NavMeshLayer: 0
  m_StaticEditorFlags: 0
  m_IsActive: 1
--- !u!4 &6862064207675289738
Transform:
  m_ObjectHideFlags: 0
  m_CorrespondingSourceObject: {fileID: 0}
  m_PrefabInstance: {fileID: 0}
  m_PrefabAsset: {fileID: 0}
  m_GameObject: {fileID: 6862064207675289739}
  m_LocalRotation: {x: 0, y: 0, z: 0, w: 1}
  m_LocalPosition: {x: 0, y: 0, z: 0}
  m_LocalScale: {x: 5, y: 5, z: 5}
  m_Children:
  - {fileID: 2820250735462678407}
  - {fileID: 2820250736042388836}
  - {fileID: 2820250737281064533}
  - {fileID: 2820250736412173086}
  - {fileID: 1684844187248574138}
  - {fileID: 4603577473047946021}
  - {fileID: 1019030067232647768}
  - {fileID: 2999461359796413040}
  - {fileID: 8610372958071725791}
  - {fileID: 1904696179062294877}
  - {fileID: 1096774123961886984}
  - {fileID: 749181387212429095}
  - {fileID: 8005377362563494727}
  - {fileID: 2124729069488619820}
  m_Father: {fileID: 0}
  m_RootOrder: 0
  m_LocalEulerAnglesHint: {x: 0, y: 0, z: 0}
--- !u!1001 &1109935573428363872
PrefabInstance:
  m_ObjectHideFlags: 0
  serializedVersion: 2
  m_Modification:
    m_TransformParent: {fileID: 6862064207675289738}
    m_Modifications:
    - target: {fileID: 5639106830512426668, guid: 95c1708c0eeb10245ad7a592c42acb09, type: 3}
      propertyPath: m_Name
      value: Small_box (9)
      objectReference: {fileID: 0}
    - target: {fileID: 8654080169431727295, guid: 95c1708c0eeb10245ad7a592c42acb09, type: 3}
      propertyPath: m_LocalPosition.x
      value: -0.433
      objectReference: {fileID: 0}
    - target: {fileID: 8654080169431727295, guid: 95c1708c0eeb10245ad7a592c42acb09, type: 3}
      propertyPath: m_LocalPosition.y
      value: 0.42599997
      objectReference: {fileID: 0}
    - target: {fileID: 8654080169431727295, guid: 95c1708c0eeb10245ad7a592c42acb09, type: 3}
      propertyPath: m_LocalPosition.z
      value: 0.21900001
      objectReference: {fileID: 0}
    - target: {fileID: 8654080169431727295, guid: 95c1708c0eeb10245ad7a592c42acb09, type: 3}
      propertyPath: m_LocalRotation.x
      value: 0
      objectReference: {fileID: 0}
    - target: {fileID: 8654080169431727295, guid: 95c1708c0eeb10245ad7a592c42acb09, type: 3}
      propertyPath: m_LocalRotation.y
      value: 0
      objectReference: {fileID: 0}
    - target: {fileID: 8654080169431727295, guid: 95c1708c0eeb10245ad7a592c42acb09, type: 3}
      propertyPath: m_LocalRotation.z
      value: 0
      objectReference: {fileID: 0}
    - target: {fileID: 8654080169431727295, guid: 95c1708c0eeb10245ad7a592c42acb09, type: 3}
      propertyPath: m_LocalRotation.w
      value: 1
      objectReference: {fileID: 0}
    - target: {fileID: 8654080169431727295, guid: 95c1708c0eeb10245ad7a592c42acb09, type: 3}
      propertyPath: m_RootOrder
      value: 8
      objectReference: {fileID: 0}
    - target: {fileID: 8654080169431727295, guid: 95c1708c0eeb10245ad7a592c42acb09, type: 3}
      propertyPath: m_LocalEulerAnglesHint.x
      value: 0
      objectReference: {fileID: 0}
    - target: {fileID: 8654080169431727295, guid: 95c1708c0eeb10245ad7a592c42acb09, type: 3}
      propertyPath: m_LocalEulerAnglesHint.y
      value: 0
      objectReference: {fileID: 0}
    - target: {fileID: 8654080169431727295, guid: 95c1708c0eeb10245ad7a592c42acb09, type: 3}
      propertyPath: m_LocalEulerAnglesHint.z
      value: 0
      objectReference: {fileID: 0}
    m_RemovedComponents: []
  m_SourcePrefab: {fileID: 100100000, guid: 95c1708c0eeb10245ad7a592c42acb09, type: 3}
--- !u!4 &8610372958071725791 stripped
Transform:
  m_CorrespondingSourceObject: {fileID: 8654080169431727295, guid: 95c1708c0eeb10245ad7a592c42acb09, type: 3}
  m_PrefabInstance: {fileID: 1109935573428363872}
  m_PrefabAsset: {fileID: 0}
--- !u!1001 &1657791251211489272
PrefabInstance:
  m_ObjectHideFlags: 0
  serializedVersion: 2
  m_Modification:
    m_TransformParent: {fileID: 6862064207675289738}
    m_Modifications:
    - target: {fileID: 5639106830512426668, guid: 95c1708c0eeb10245ad7a592c42acb09, type: 3}
      propertyPath: m_Name
      value: Small_box (13)
      objectReference: {fileID: 0}
    - target: {fileID: 8654080169431727295, guid: 95c1708c0eeb10245ad7a592c42acb09, type: 3}
      propertyPath: m_LocalPosition.x
      value: 0.411
      objectReference: {fileID: 0}
    - target: {fileID: 8654080169431727295, guid: 95c1708c0eeb10245ad7a592c42acb09, type: 3}
      propertyPath: m_LocalPosition.y
      value: 1.279
      objectReference: {fileID: 0}
    - target: {fileID: 8654080169431727295, guid: 95c1708c0eeb10245ad7a592c42acb09, type: 3}
      propertyPath: m_LocalPosition.z
      value: 0
      objectReference: {fileID: 0}
    - target: {fileID: 8654080169431727295, guid: 95c1708c0eeb10245ad7a592c42acb09, type: 3}
      propertyPath: m_LocalRotation.x
      value: 0
      objectReference: {fileID: 0}
    - target: {fileID: 8654080169431727295, guid: 95c1708c0eeb10245ad7a592c42acb09, type: 3}
      propertyPath: m_LocalRotation.y
      value: 0
      objectReference: {fileID: 0}
    - target: {fileID: 8654080169431727295, guid: 95c1708c0eeb10245ad7a592c42acb09, type: 3}
      propertyPath: m_LocalRotation.z
      value: 0
      objectReference: {fileID: 0}
    - target: {fileID: 8654080169431727295, guid: 95c1708c0eeb10245ad7a592c42acb09, type: 3}
      propertyPath: m_LocalRotation.w
      value: 1
      objectReference: {fileID: 0}
    - target: {fileID: 8654080169431727295, guid: 95c1708c0eeb10245ad7a592c42acb09, type: 3}
      propertyPath: m_RootOrder
      value: 12
      objectReference: {fileID: 0}
    - target: {fileID: 8654080169431727295, guid: 95c1708c0eeb10245ad7a592c42acb09, type: 3}
      propertyPath: m_LocalEulerAnglesHint.x
      value: 0
      objectReference: {fileID: 0}
    - target: {fileID: 8654080169431727295, guid: 95c1708c0eeb10245ad7a592c42acb09, type: 3}
      propertyPath: m_LocalEulerAnglesHint.y
      value: 0
      objectReference: {fileID: 0}
    - target: {fileID: 8654080169431727295, guid: 95c1708c0eeb10245ad7a592c42acb09, type: 3}
      propertyPath: m_LocalEulerAnglesHint.z
      value: 0
      objectReference: {fileID: 0}
    m_RemovedComponents: []
  m_SourcePrefab: {fileID: 100100000, guid: 95c1708c0eeb10245ad7a592c42acb09, type: 3}
--- !u!4 &8005377362563494727 stripped
Transform:
  m_CorrespondingSourceObject: {fileID: 8654080169431727295, guid: 95c1708c0eeb10245ad7a592c42acb09, type: 3}
  m_PrefabInstance: {fileID: 1657791251211489272}
  m_PrefabAsset: {fileID: 0}
--- !u!1001 &5186538469722791834
PrefabInstance:
  m_ObjectHideFlags: 0
  serializedVersion: 2
  m_Modification:
    m_TransformParent: {fileID: 6862064207675289738}
    m_Modifications:
    - target: {fileID: 5639106830512426668, guid: 95c1708c0eeb10245ad7a592c42acb09, type: 3}
      propertyPath: m_Name
      value: Small_box (7)
      objectReference: {fileID: 0}
    - target: {fileID: 8654080169431727295, guid: 95c1708c0eeb10245ad7a592c42acb09, type: 3}
      propertyPath: m_LocalPosition.x
      value: -0.017
      objectReference: {fileID: 0}
    - target: {fileID: 8654080169431727295, guid: 95c1708c0eeb10245ad7a592c42acb09, type: 3}
      propertyPath: m_LocalPosition.y
      value: 0.002
      objectReference: {fileID: 0}
    - target: {fileID: 8654080169431727295, guid: 95c1708c0eeb10245ad7a592c42acb09, type: 3}
      propertyPath: m_LocalPosition.z
      value: -0.196
      objectReference: {fileID: 0}
    - target: {fileID: 8654080169431727295, guid: 95c1708c0eeb10245ad7a592c42acb09, type: 3}
      propertyPath: m_LocalRotation.x
      value: 0
      objectReference: {fileID: 0}
    - target: {fileID: 8654080169431727295, guid: 95c1708c0eeb10245ad7a592c42acb09, type: 3}
      propertyPath: m_LocalRotation.y
      value: 0
      objectReference: {fileID: 0}
    - target: {fileID: 8654080169431727295, guid: 95c1708c0eeb10245ad7a592c42acb09, type: 3}
      propertyPath: m_LocalRotation.z
      value: 0
      objectReference: {fileID: 0}
    - target: {fileID: 8654080169431727295, guid: 95c1708c0eeb10245ad7a592c42acb09, type: 3}
      propertyPath: m_LocalRotation.w
      value: 1
      objectReference: {fileID: 0}
    - target: {fileID: 8654080169431727295, guid: 95c1708c0eeb10245ad7a592c42acb09, type: 3}
      propertyPath: m_RootOrder
      value: 5
      objectReference: {fileID: 0}
    - target: {fileID: 8654080169431727295, guid: 95c1708c0eeb10245ad7a592c42acb09, type: 3}
      propertyPath: m_LocalEulerAnglesHint.x
      value: 0
      objectReference: {fileID: 0}
    - target: {fileID: 8654080169431727295, guid: 95c1708c0eeb10245ad7a592c42acb09, type: 3}
      propertyPath: m_LocalEulerAnglesHint.y
      value: 0
      objectReference: {fileID: 0}
    - target: {fileID: 8654080169431727295, guid: 95c1708c0eeb10245ad7a592c42acb09, type: 3}
      propertyPath: m_LocalEulerAnglesHint.z
      value: 0
      objectReference: {fileID: 0}
    m_RemovedComponents: []
  m_SourcePrefab: {fileID: 100100000, guid: 95c1708c0eeb10245ad7a592c42acb09, type: 3}
--- !u!4 &4603577473047946021 stripped
Transform:
  m_CorrespondingSourceObject: {fileID: 8654080169431727295, guid: 95c1708c0eeb10245ad7a592c42acb09, type: 3}
  m_PrefabInstance: {fileID: 5186538469722791834}
  m_PrefabAsset: {fileID: 0}
--- !u!1001 &5888810723313065679
PrefabInstance:
  m_ObjectHideFlags: 0
  serializedVersion: 2
  m_Modification:
    m_TransformParent: {fileID: 6862064207675289738}
    m_Modifications:
    - target: {fileID: 5639106830512426668, guid: 95c1708c0eeb10245ad7a592c42acb09, type: 3}
      propertyPath: m_Name
      value: Small_box (8)
      objectReference: {fileID: 0}
    - target: {fileID: 8654080169431727295, guid: 95c1708c0eeb10245ad7a592c42acb09, type: 3}
      propertyPath: m_LocalPosition.x
      value: 0.404
      objectReference: {fileID: 0}
    - target: {fileID: 8654080169431727295, guid: 95c1708c0eeb10245ad7a592c42acb09, type: 3}
      propertyPath: m_LocalPosition.y
      value: 0
      objectReference: {fileID: 0}
    - target: {fileID: 8654080169431727295, guid: 95c1708c0eeb10245ad7a592c42acb09, type: 3}
      propertyPath: m_LocalPosition.z
      value: 0.21900001
      objectReference: {fileID: 0}
    - target: {fileID: 8654080169431727295, guid: 95c1708c0eeb10245ad7a592c42acb09, type: 3}
      propertyPath: m_LocalRotation.x
      value: 0
      objectReference: {fileID: 0}
    - target: {fileID: 8654080169431727295, guid: 95c1708c0eeb10245ad7a592c42acb09, type: 3}
      propertyPath: m_LocalRotation.y
      value: 0
      objectReference: {fileID: 0}
    - target: {fileID: 8654080169431727295, guid: 95c1708c0eeb10245ad7a592c42acb09, type: 3}
      propertyPath: m_LocalRotation.z
      value: 0
      objectReference: {fileID: 0}
    - target: {fileID: 8654080169431727295, guid: 95c1708c0eeb10245ad7a592c42acb09, type: 3}
      propertyPath: m_LocalRotation.w
      value: 1
      objectReference: {fileID: 0}
    - target: {fileID: 8654080169431727295, guid: 95c1708c0eeb10245ad7a592c42acb09, type: 3}
      propertyPath: m_RootOrder
      value: 7
      objectReference: {fileID: 0}
    - target: {fileID: 8654080169431727295, guid: 95c1708c0eeb10245ad7a592c42acb09, type: 3}
      propertyPath: m_LocalEulerAnglesHint.x
      value: 0
      objectReference: {fileID: 0}
    - target: {fileID: 8654080169431727295, guid: 95c1708c0eeb10245ad7a592c42acb09, type: 3}
      propertyPath: m_LocalEulerAnglesHint.y
      value: 0
      objectReference: {fileID: 0}
    - target: {fileID: 8654080169431727295, guid: 95c1708c0eeb10245ad7a592c42acb09, type: 3}
      propertyPath: m_LocalEulerAnglesHint.z
      value: 0
      objectReference: {fileID: 0}
    m_RemovedComponents: []
  m_SourcePrefab: {fileID: 100100000, guid: 95c1708c0eeb10245ad7a592c42acb09, type: 3}
--- !u!4 &2999461359796413040 stripped
Transform:
  m_CorrespondingSourceObject: {fileID: 8654080169431727295, guid: 95c1708c0eeb10245ad7a592c42acb09, type: 3}
  m_PrefabInstance: {fileID: 5888810723313065679}
  m_PrefabAsset: {fileID: 0}
--- !u!1001 &6862064206870709048
PrefabInstance:
  m_ObjectHideFlags: 0
  serializedVersion: 2
  m_Modification:
    m_TransformParent: {fileID: 6862064207675289738}
    m_Modifications:
    - target: {fileID: 5639106830512426668, guid: 95c1708c0eeb10245ad7a592c42acb09, type: 3}
      propertyPath: m_Name
      value: Small_box (1)
      objectReference: {fileID: 0}
    - target: {fileID: 8654080169431727295, guid: 95c1708c0eeb10245ad7a592c42acb09, type: 3}
      propertyPath: m_LocalPosition.x
      value: -0.433
      objectReference: {fileID: 0}
    - target: {fileID: 8654080169431727295, guid: 95c1708c0eeb10245ad7a592c42acb09, type: 3}
      propertyPath: m_LocalPosition.y
      value: 0
      objectReference: {fileID: 0}
    - target: {fileID: 8654080169431727295, guid: 95c1708c0eeb10245ad7a592c42acb09, type: 3}
      propertyPath: m_LocalPosition.z
      value: -0.196
      objectReference: {fileID: 0}
    - target: {fileID: 8654080169431727295, guid: 95c1708c0eeb10245ad7a592c42acb09, type: 3}
      propertyPath: m_LocalRotation.x
      value: 0
      objectReference: {fileID: 0}
    - target: {fileID: 8654080169431727295, guid: 95c1708c0eeb10245ad7a592c42acb09, type: 3}
      propertyPath: m_LocalRotation.y
      value: 0
      objectReference: {fileID: 0}
    - target: {fileID: 8654080169431727295, guid: 95c1708c0eeb10245ad7a592c42acb09, type: 3}
      propertyPath: m_LocalRotation.z
      value: 0
      objectReference: {fileID: 0}
    - target: {fileID: 8654080169431727295, guid: 95c1708c0eeb10245ad7a592c42acb09, type: 3}
      propertyPath: m_LocalRotation.w
      value: 1
      objectReference: {fileID: 0}
    - target: {fileID: 8654080169431727295, guid: 95c1708c0eeb10245ad7a592c42acb09, type: 3}
      propertyPath: m_RootOrder
      value: 0
      objectReference: {fileID: 0}
    - target: {fileID: 8654080169431727295, guid: 95c1708c0eeb10245ad7a592c42acb09, type: 3}
      propertyPath: m_LocalEulerAnglesHint.x
      value: 0
      objectReference: {fileID: 0}
    - target: {fileID: 8654080169431727295, guid: 95c1708c0eeb10245ad7a592c42acb09, type: 3}
      propertyPath: m_LocalEulerAnglesHint.y
      value: 0
      objectReference: {fileID: 0}
    - target: {fileID: 8654080169431727295, guid: 95c1708c0eeb10245ad7a592c42acb09, type: 3}
      propertyPath: m_LocalEulerAnglesHint.z
      value: 0
      objectReference: {fileID: 0}
    m_RemovedComponents: []
  m_SourcePrefab: {fileID: 100100000, guid: 95c1708c0eeb10245ad7a592c42acb09, type: 3}
--- !u!4 &2820250735462678407 stripped
Transform:
  m_CorrespondingSourceObject: {fileID: 8654080169431727295, guid: 95c1708c0eeb10245ad7a592c42acb09, type: 3}
  m_PrefabInstance: {fileID: 6862064206870709048}
  m_PrefabAsset: {fileID: 0}
--- !u!1001 &6862064207296946081
PrefabInstance:
  m_ObjectHideFlags: 0
  serializedVersion: 2
  m_Modification:
    m_TransformParent: {fileID: 6862064207675289738}
    m_Modifications:
    - target: {fileID: 5639106830512426668, guid: 95c1708c0eeb10245ad7a592c42acb09, type: 3}
      propertyPath: m_Name
      value: Small_box (5)
      objectReference: {fileID: 0}
    - target: {fileID: 8435155544614489793, guid: 95c1708c0eeb10245ad7a592c42acb09, type: 3}
      propertyPath: m_LocalPosition.x
      value: 0.004
      objectReference: {fileID: 0}
    - target: {fileID: 8654080169431727295, guid: 95c1708c0eeb10245ad7a592c42acb09, type: 3}
      propertyPath: m_LocalPosition.x
      value: 0.404
      objectReference: {fileID: 0}
    - target: {fileID: 8654080169431727295, guid: 95c1708c0eeb10245ad7a592c42acb09, type: 3}
      propertyPath: m_LocalPosition.y
      value: 0.42599997
      objectReference: {fileID: 0}
    - target: {fileID: 8654080169431727295, guid: 95c1708c0eeb10245ad7a592c42acb09, type: 3}
      propertyPath: m_LocalPosition.z
      value: -0.196
      objectReference: {fileID: 0}
    - target: {fileID: 8654080169431727295, guid: 95c1708c0eeb10245ad7a592c42acb09, type: 3}
      propertyPath: m_LocalRotation.x
      value: 0
      objectReference: {fileID: 0}
    - target: {fileID: 8654080169431727295, guid: 95c1708c0eeb10245ad7a592c42acb09, type: 3}
      propertyPath: m_LocalRotation.y
      value: 0
      objectReference: {fileID: 0}
    - target: {fileID: 8654080169431727295, guid: 95c1708c0eeb10245ad7a592c42acb09, type: 3}
      propertyPath: m_LocalRotation.z
      value: 0
      objectReference: {fileID: 0}
    - target: {fileID: 8654080169431727295, guid: 95c1708c0eeb10245ad7a592c42acb09, type: 3}
      propertyPath: m_LocalRotation.w
      value: 1
      objectReference: {fileID: 0}
    - target: {fileID: 8654080169431727295, guid: 95c1708c0eeb10245ad7a592c42acb09, type: 3}
      propertyPath: m_RootOrder
      value: 3
      objectReference: {fileID: 0}
    - target: {fileID: 8654080169431727295, guid: 95c1708c0eeb10245ad7a592c42acb09, type: 3}
      propertyPath: m_LocalEulerAnglesHint.x
      value: 0
      objectReference: {fileID: 0}
    - target: {fileID: 8654080169431727295, guid: 95c1708c0eeb10245ad7a592c42acb09, type: 3}
      propertyPath: m_LocalEulerAnglesHint.y
      value: 0
      objectReference: {fileID: 0}
    - target: {fileID: 8654080169431727295, guid: 95c1708c0eeb10245ad7a592c42acb09, type: 3}
      propertyPath: m_LocalEulerAnglesHint.z
      value: 0
      objectReference: {fileID: 0}
    m_RemovedComponents: []
  m_SourcePrefab: {fileID: 100100000, guid: 95c1708c0eeb10245ad7a592c42acb09, type: 3}
--- !u!4 &2820250736412173086 stripped
Transform:
  m_CorrespondingSourceObject: {fileID: 8654080169431727295, guid: 95c1708c0eeb10245ad7a592c42acb09, type: 3}
  m_PrefabInstance: {fileID: 6862064207296946081}
  m_PrefabAsset: {fileID: 0}
--- !u!1001 &6862064207465927131
PrefabInstance:
  m_ObjectHideFlags: 0
  serializedVersion: 2
  m_Modification:
    m_TransformParent: {fileID: 6862064207675289738}
    m_Modifications:
    - target: {fileID: 5639106830512426668, guid: 95c1708c0eeb10245ad7a592c42acb09, type: 3}
      propertyPath: m_Name
      value: Small_box (2)
      objectReference: {fileID: 0}
    - target: {fileID: 8654080169431727295, guid: 95c1708c0eeb10245ad7a592c42acb09, type: 3}
      propertyPath: m_LocalPosition.x
      value: 0.404
      objectReference: {fileID: 0}
    - target: {fileID: 8654080169431727295, guid: 95c1708c0eeb10245ad7a592c42acb09, type: 3}
      propertyPath: m_LocalPosition.y
      value: 0
      objectReference: {fileID: 0}
    - target: {fileID: 8654080169431727295, guid: 95c1708c0eeb10245ad7a592c42acb09, type: 3}
      propertyPath: m_LocalPosition.z
      value: -0.196
      objectReference: {fileID: 0}
    - target: {fileID: 8654080169431727295, guid: 95c1708c0eeb10245ad7a592c42acb09, type: 3}
      propertyPath: m_LocalRotation.x
      value: 0
      objectReference: {fileID: 0}
    - target: {fileID: 8654080169431727295, guid: 95c1708c0eeb10245ad7a592c42acb09, type: 3}
      propertyPath: m_LocalRotation.y
      value: 0
      objectReference: {fileID: 0}
    - target: {fileID: 8654080169431727295, guid: 95c1708c0eeb10245ad7a592c42acb09, type: 3}
      propertyPath: m_LocalRotation.z
      value: 0
      objectReference: {fileID: 0}
    - target: {fileID: 8654080169431727295, guid: 95c1708c0eeb10245ad7a592c42acb09, type: 3}
      propertyPath: m_LocalRotation.w
      value: 1
      objectReference: {fileID: 0}
    - target: {fileID: 8654080169431727295, guid: 95c1708c0eeb10245ad7a592c42acb09, type: 3}
      propertyPath: m_RootOrder
      value: 1
      objectReference: {fileID: 0}
    - target: {fileID: 8654080169431727295, guid: 95c1708c0eeb10245ad7a592c42acb09, type: 3}
      propertyPath: m_LocalEulerAnglesHint.x
      value: 0
      objectReference: {fileID: 0}
    - target: {fileID: 8654080169431727295, guid: 95c1708c0eeb10245ad7a592c42acb09, type: 3}
      propertyPath: m_LocalEulerAnglesHint.y
      value: 0
      objectReference: {fileID: 0}
    - target: {fileID: 8654080169431727295, guid: 95c1708c0eeb10245ad7a592c42acb09, type: 3}
      propertyPath: m_LocalEulerAnglesHint.z
      value: 0
      objectReference: {fileID: 0}
    m_RemovedComponents: []
  m_SourcePrefab: {fileID: 100100000, guid: 95c1708c0eeb10245ad7a592c42acb09, type: 3}
--- !u!4 &2820250736042388836 stripped
Transform:
  m_CorrespondingSourceObject: {fileID: 8654080169431727295, guid: 95c1708c0eeb10245ad7a592c42acb09, type: 3}
  m_PrefabInstance: {fileID: 6862064207465927131}
  m_PrefabAsset: {fileID: 0}
--- !u!1001 &6862064208567149290
PrefabInstance:
  m_ObjectHideFlags: 0
  serializedVersion: 2
  m_Modification:
    m_TransformParent: {fileID: 6862064207675289738}
    m_Modifications:
    - target: {fileID: 5639106830512426668, guid: 95c1708c0eeb10245ad7a592c42acb09, type: 3}
      propertyPath: m_Name
      value: Small_box (4)
      objectReference: {fileID: 0}
    - target: {fileID: 8654080169431727295, guid: 95c1708c0eeb10245ad7a592c42acb09, type: 3}
      propertyPath: m_LocalPosition.x
      value: -0.433
      objectReference: {fileID: 0}
    - target: {fileID: 8654080169431727295, guid: 95c1708c0eeb10245ad7a592c42acb09, type: 3}
      propertyPath: m_LocalPosition.y
      value: 0.42599997
      objectReference: {fileID: 0}
    - target: {fileID: 8654080169431727295, guid: 95c1708c0eeb10245ad7a592c42acb09, type: 3}
      propertyPath: m_LocalPosition.z
      value: -0.196
      objectReference: {fileID: 0}
    - target: {fileID: 8654080169431727295, guid: 95c1708c0eeb10245ad7a592c42acb09, type: 3}
      propertyPath: m_LocalRotation.x
      value: 0
      objectReference: {fileID: 0}
    - target: {fileID: 8654080169431727295, guid: 95c1708c0eeb10245ad7a592c42acb09, type: 3}
      propertyPath: m_LocalRotation.y
      value: 0
      objectReference: {fileID: 0}
    - target: {fileID: 8654080169431727295, guid: 95c1708c0eeb10245ad7a592c42acb09, type: 3}
      propertyPath: m_LocalRotation.z
      value: 0
      objectReference: {fileID: 0}
    - target: {fileID: 8654080169431727295, guid: 95c1708c0eeb10245ad7a592c42acb09, type: 3}
      propertyPath: m_LocalRotation.w
      value: 1
      objectReference: {fileID: 0}
    - target: {fileID: 8654080169431727295, guid: 95c1708c0eeb10245ad7a592c42acb09, type: 3}
      propertyPath: m_RootOrder
      value: 2
      objectReference: {fileID: 0}
    - target: {fileID: 8654080169431727295, guid: 95c1708c0eeb10245ad7a592c42acb09, type: 3}
      propertyPath: m_LocalEulerAnglesHint.x
      value: 0
      objectReference: {fileID: 0}
    - target: {fileID: 8654080169431727295, guid: 95c1708c0eeb10245ad7a592c42acb09, type: 3}
      propertyPath: m_LocalEulerAnglesHint.y
      value: 0
      objectReference: {fileID: 0}
    - target: {fileID: 8654080169431727295, guid: 95c1708c0eeb10245ad7a592c42acb09, type: 3}
      propertyPath: m_LocalEulerAnglesHint.z
      value: 0
      objectReference: {fileID: 0}
    m_RemovedComponents: []
  m_SourcePrefab: {fileID: 100100000, guid: 95c1708c0eeb10245ad7a592c42acb09, type: 3}
--- !u!4 &2820250737281064533 stripped
Transform:
  m_CorrespondingSourceObject: {fileID: 8654080169431727295, guid: 95c1708c0eeb10245ad7a592c42acb09, type: 3}
  m_PrefabInstance: {fileID: 6862064208567149290}
  m_PrefabAsset: {fileID: 0}
--- !u!1001 &7095332175074538978
PrefabInstance:
  m_ObjectHideFlags: 0
  serializedVersion: 2
  m_Modification:
    m_TransformParent: {fileID: 6862064207675289738}
    m_Modifications:
    - target: {fileID: 5639106830512426668, guid: 95c1708c0eeb10245ad7a592c42acb09, type: 3}
      propertyPath: m_Name
      value: Small_box (10)
      objectReference: {fileID: 0}
    - target: {fileID: 8435155544614489793, guid: 95c1708c0eeb10245ad7a592c42acb09, type: 3}
      propertyPath: m_LocalPosition.x
      value: 0.004
      objectReference: {fileID: 0}
    - target: {fileID: 8654080169431727295, guid: 95c1708c0eeb10245ad7a592c42acb09, type: 3}
      propertyPath: m_LocalPosition.x
      value: 0.404
      objectReference: {fileID: 0}
    - target: {fileID: 8654080169431727295, guid: 95c1708c0eeb10245ad7a592c42acb09, type: 3}
      propertyPath: m_LocalPosition.y
      value: 0.42599997
      objectReference: {fileID: 0}
    - target: {fileID: 8654080169431727295, guid: 95c1708c0eeb10245ad7a592c42acb09, type: 3}
      propertyPath: m_LocalPosition.z
      value: 0.21900001
      objectReference: {fileID: 0}
    - target: {fileID: 8654080169431727295, guid: 95c1708c0eeb10245ad7a592c42acb09, type: 3}
      propertyPath: m_LocalRotation.x
      value: 0
      objectReference: {fileID: 0}
    - target: {fileID: 8654080169431727295, guid: 95c1708c0eeb10245ad7a592c42acb09, type: 3}
      propertyPath: m_LocalRotation.y
      value: 0
      objectReference: {fileID: 0}
    - target: {fileID: 8654080169431727295, guid: 95c1708c0eeb10245ad7a592c42acb09, type: 3}
      propertyPath: m_LocalRotation.z
      value: 0
      objectReference: {fileID: 0}
    - target: {fileID: 8654080169431727295, guid: 95c1708c0eeb10245ad7a592c42acb09, type: 3}
      propertyPath: m_LocalRotation.w
      value: 1
      objectReference: {fileID: 0}
    - target: {fileID: 8654080169431727295, guid: 95c1708c0eeb10245ad7a592c42acb09, type: 3}
      propertyPath: m_RootOrder
      value: 9
      objectReference: {fileID: 0}
    - target: {fileID: 8654080169431727295, guid: 95c1708c0eeb10245ad7a592c42acb09, type: 3}
      propertyPath: m_LocalEulerAnglesHint.x
      value: 0
      objectReference: {fileID: 0}
    - target: {fileID: 8654080169431727295, guid: 95c1708c0eeb10245ad7a592c42acb09, type: 3}
      propertyPath: m_LocalEulerAnglesHint.y
      value: 0
      objectReference: {fileID: 0}
    - target: {fileID: 8654080169431727295, guid: 95c1708c0eeb10245ad7a592c42acb09, type: 3}
      propertyPath: m_LocalEulerAnglesHint.z
      value: 0
      objectReference: {fileID: 0}
    m_RemovedComponents: []
  m_SourcePrefab: {fileID: 100100000, guid: 95c1708c0eeb10245ad7a592c42acb09, type: 3}
--- !u!4 &1904696179062294877 stripped
Transform:
  m_CorrespondingSourceObject: {fileID: 8654080169431727295, guid: 95c1708c0eeb10245ad7a592c42acb09, type: 3}
  m_PrefabInstance: {fileID: 7095332175074538978}
  m_PrefabAsset: {fileID: 0}
--- !u!1001 &7306516195902635411
PrefabInstance:
  m_ObjectHideFlags: 0
  serializedVersion: 2
  m_Modification:
    m_TransformParent: {fileID: 6862064207675289738}
    m_Modifications:
    - target: {fileID: 5639106830512426668, guid: 95c1708c0eeb10245ad7a592c42acb09, type: 3}
      propertyPath: m_Name
      value: Small_box (14)
      objectReference: {fileID: 0}
    - target: {fileID: 8654080169431727295, guid: 95c1708c0eeb10245ad7a592c42acb09, type: 3}
      propertyPath: m_LocalPosition.x
      value: -0.437
      objectReference: {fileID: 0}
    - target: {fileID: 8654080169431727295, guid: 95c1708c0eeb10245ad7a592c42acb09, type: 3}
      propertyPath: m_LocalPosition.y
      value: 0.859
      objectReference: {fileID: 0}
    - target: {fileID: 8654080169431727295, guid: 95c1708c0eeb10245ad7a592c42acb09, type: 3}
      propertyPath: m_LocalPosition.z
      value: 0
      objectReference: {fileID: 0}
    - target: {fileID: 8654080169431727295, guid: 95c1708c0eeb10245ad7a592c42acb09, type: 3}
      propertyPath: m_LocalRotation.x
      value: 0
      objectReference: {fileID: 0}
    - target: {fileID: 8654080169431727295, guid: 95c1708c0eeb10245ad7a592c42acb09, type: 3}
      propertyPath: m_LocalRotation.y
      value: 0
      objectReference: {fileID: 0}
    - target: {fileID: 8654080169431727295, guid: 95c1708c0eeb10245ad7a592c42acb09, type: 3}
      propertyPath: m_LocalRotation.z
      value: 0
      objectReference: {fileID: 0}
    - target: {fileID: 8654080169431727295, guid: 95c1708c0eeb10245ad7a592c42acb09, type: 3}
      propertyPath: m_LocalRotation.w
      value: 1
      objectReference: {fileID: 0}
    - target: {fileID: 8654080169431727295, guid: 95c1708c0eeb10245ad7a592c42acb09, type: 3}
      propertyPath: m_RootOrder
      value: 13
      objectReference: {fileID: 0}
    - target: {fileID: 8654080169431727295, guid: 95c1708c0eeb10245ad7a592c42acb09, type: 3}
      propertyPath: m_LocalEulerAnglesHint.x
      value: 0
      objectReference: {fileID: 0}
    - target: {fileID: 8654080169431727295, guid: 95c1708c0eeb10245ad7a592c42acb09, type: 3}
      propertyPath: m_LocalEulerAnglesHint.y
      value: 0
      objectReference: {fileID: 0}
    - target: {fileID: 8654080169431727295, guid: 95c1708c0eeb10245ad7a592c42acb09, type: 3}
      propertyPath: m_LocalEulerAnglesHint.z
      value: 0
      objectReference: {fileID: 0}
    m_RemovedComponents: []
  m_SourcePrefab: {fileID: 100100000, guid: 95c1708c0eeb10245ad7a592c42acb09, type: 3}
--- !u!4 &2124729069488619820 stripped
Transform:
  m_CorrespondingSourceObject: {fileID: 8654080169431727295, guid: 95c1708c0eeb10245ad7a592c42acb09, type: 3}
  m_PrefabInstance: {fileID: 7306516195902635411}
  m_PrefabAsset: {fileID: 0}
--- !u!1001 &8032377522030100997
PrefabInstance:
  m_ObjectHideFlags: 0
  serializedVersion: 2
  m_Modification:
    m_TransformParent: {fileID: 6862064207675289738}
    m_Modifications:
    - target: {fileID: 5639106830512426668, guid: 95c1708c0eeb10245ad7a592c42acb09, type: 3}
      propertyPath: m_Name
      value: Small_box (6)
      objectReference: {fileID: 0}
    - target: {fileID: 8654080169431727295, guid: 95c1708c0eeb10245ad7a592c42acb09, type: 3}
      propertyPath: m_LocalPosition.x
      value: 0.411
      objectReference: {fileID: 0}
    - target: {fileID: 8654080169431727295, guid: 95c1708c0eeb10245ad7a592c42acb09, type: 3}
      propertyPath: m_LocalPosition.y
      value: 0.85
      objectReference: {fileID: 0}
    - target: {fileID: 8654080169431727295, guid: 95c1708c0eeb10245ad7a592c42acb09, type: 3}
      propertyPath: m_LocalPosition.z
      value: -0.196
      objectReference: {fileID: 0}
    - target: {fileID: 8654080169431727295, guid: 95c1708c0eeb10245ad7a592c42acb09, type: 3}
      propertyPath: m_LocalRotation.x
      value: 0
      objectReference: {fileID: 0}
    - target: {fileID: 8654080169431727295, guid: 95c1708c0eeb10245ad7a592c42acb09, type: 3}
      propertyPath: m_LocalRotation.y
      value: 0
      objectReference: {fileID: 0}
    - target: {fileID: 8654080169431727295, guid: 95c1708c0eeb10245ad7a592c42acb09, type: 3}
      propertyPath: m_LocalRotation.z
      value: 0
      objectReference: {fileID: 0}
    - target: {fileID: 8654080169431727295, guid: 95c1708c0eeb10245ad7a592c42acb09, type: 3}
      propertyPath: m_LocalRotation.w
      value: 1
      objectReference: {fileID: 0}
    - target: {fileID: 8654080169431727295, guid: 95c1708c0eeb10245ad7a592c42acb09, type: 3}
      propertyPath: m_RootOrder
      value: 4
      objectReference: {fileID: 0}
    - target: {fileID: 8654080169431727295, guid: 95c1708c0eeb10245ad7a592c42acb09, type: 3}
      propertyPath: m_LocalEulerAnglesHint.x
      value: 0
      objectReference: {fileID: 0}
    - target: {fileID: 8654080169431727295, guid: 95c1708c0eeb10245ad7a592c42acb09, type: 3}
      propertyPath: m_LocalEulerAnglesHint.y
      value: 0
      objectReference: {fileID: 0}
    - target: {fileID: 8654080169431727295, guid: 95c1708c0eeb10245ad7a592c42acb09, type: 3}
      propertyPath: m_LocalEulerAnglesHint.z
      value: 0
      objectReference: {fileID: 0}
    m_RemovedComponents: []
  m_SourcePrefab: {fileID: 100100000, guid: 95c1708c0eeb10245ad7a592c42acb09, type: 3}
--- !u!4 &1684844187248574138 stripped
Transform:
  m_CorrespondingSourceObject: {fileID: 8654080169431727295, guid: 95c1708c0eeb10245ad7a592c42acb09, type: 3}
  m_PrefabInstance: {fileID: 8032377522030100997}
  m_PrefabAsset: {fileID: 0}
--- !u!1001 &8249706732798569368
PrefabInstance:
  m_ObjectHideFlags: 0
  serializedVersion: 2
  m_Modification:
    m_TransformParent: {fileID: 6862064207675289738}
    m_Modifications:
    - target: {fileID: 5639106830512426668, guid: 95c1708c0eeb10245ad7a592c42acb09, type: 3}
      propertyPath: m_Name
      value: Small_box (12)
      objectReference: {fileID: 0}
    - target: {fileID: 8654080169431727295, guid: 95c1708c0eeb10245ad7a592c42acb09, type: 3}
      propertyPath: m_LocalPosition.x
      value: -0.017
      objectReference: {fileID: 0}
    - target: {fileID: 8654080169431727295, guid: 95c1708c0eeb10245ad7a592c42acb09, type: 3}
      propertyPath: m_LocalPosition.y
      value: 0.002
      objectReference: {fileID: 0}
    - target: {fileID: 8654080169431727295, guid: 95c1708c0eeb10245ad7a592c42acb09, type: 3}
      propertyPath: m_LocalPosition.z
      value: 0.21900001
      objectReference: {fileID: 0}
    - target: {fileID: 8654080169431727295, guid: 95c1708c0eeb10245ad7a592c42acb09, type: 3}
      propertyPath: m_LocalRotation.x
      value: 0
      objectReference: {fileID: 0}
    - target: {fileID: 8654080169431727295, guid: 95c1708c0eeb10245ad7a592c42acb09, type: 3}
      propertyPath: m_LocalRotation.y
      value: 0
      objectReference: {fileID: 0}
    - target: {fileID: 8654080169431727295, guid: 95c1708c0eeb10245ad7a592c42acb09, type: 3}
      propertyPath: m_LocalRotation.z
      value: 0
      objectReference: {fileID: 0}
    - target: {fileID: 8654080169431727295, guid: 95c1708c0eeb10245ad7a592c42acb09, type: 3}
      propertyPath: m_LocalRotation.w
      value: 1
      objectReference: {fileID: 0}
    - target: {fileID: 8654080169431727295, guid: 95c1708c0eeb10245ad7a592c42acb09, type: 3}
      propertyPath: m_RootOrder
      value: 11
      objectReference: {fileID: 0}
    - target: {fileID: 8654080169431727295, guid: 95c1708c0eeb10245ad7a592c42acb09, type: 3}
      propertyPath: m_LocalEulerAnglesHint.x
      value: 0
      objectReference: {fileID: 0}
    - target: {fileID: 8654080169431727295, guid: 95c1708c0eeb10245ad7a592c42acb09, type: 3}
      propertyPath: m_LocalEulerAnglesHint.y
      value: 0
      objectReference: {fileID: 0}
    - target: {fileID: 8654080169431727295, guid: 95c1708c0eeb10245ad7a592c42acb09, type: 3}
      propertyPath: m_LocalEulerAnglesHint.z
      value: 0
      objectReference: {fileID: 0}
    m_RemovedComponents: []
  m_SourcePrefab: {fileID: 100100000, guid: 95c1708c0eeb10245ad7a592c42acb09, type: 3}
--- !u!4 &749181387212429095 stripped
Transform:
  m_CorrespondingSourceObject: {fileID: 8654080169431727295, guid: 95c1708c0eeb10245ad7a592c42acb09, type: 3}
  m_PrefabInstance: {fileID: 8249706732798569368}
  m_PrefabAsset: {fileID: 0}
--- !u!1001 &8520012672067098343
PrefabInstance:
  m_ObjectHideFlags: 0
  serializedVersion: 2
  m_Modification:
    m_TransformParent: {fileID: 6862064207675289738}
    m_Modifications:
    - target: {fileID: 5639106830512426668, guid: 95c1708c0eeb10245ad7a592c42acb09, type: 3}
      propertyPath: m_Name
      value: Small_box (3)
      objectReference: {fileID: 0}
    - target: {fileID: 8654080169431727295, guid: 95c1708c0eeb10245ad7a592c42acb09, type: 3}
      propertyPath: m_LocalPosition.x
      value: -0.433
      objectReference: {fileID: 0}
    - target: {fileID: 8654080169431727295, guid: 95c1708c0eeb10245ad7a592c42acb09, type: 3}
      propertyPath: m_LocalPosition.y
      value: 0
      objectReference: {fileID: 0}
    - target: {fileID: 8654080169431727295, guid: 95c1708c0eeb10245ad7a592c42acb09, type: 3}
      propertyPath: m_LocalPosition.z
      value: 0.21900001
      objectReference: {fileID: 0}
    - target: {fileID: 8654080169431727295, guid: 95c1708c0eeb10245ad7a592c42acb09, type: 3}
      propertyPath: m_LocalRotation.x
      value: 0
      objectReference: {fileID: 0}
    - target: {fileID: 8654080169431727295, guid: 95c1708c0eeb10245ad7a592c42acb09, type: 3}
      propertyPath: m_LocalRotation.y
      value: 0
      objectReference: {fileID: 0}
    - target: {fileID: 8654080169431727295, guid: 95c1708c0eeb10245ad7a592c42acb09, type: 3}
      propertyPath: m_LocalRotation.z
      value: 0
      objectReference: {fileID: 0}
    - target: {fileID: 8654080169431727295, guid: 95c1708c0eeb10245ad7a592c42acb09, type: 3}
      propertyPath: m_LocalRotation.w
      value: 1
      objectReference: {fileID: 0}
    - target: {fileID: 8654080169431727295, guid: 95c1708c0eeb10245ad7a592c42acb09, type: 3}
      propertyPath: m_RootOrder
      value: 6
      objectReference: {fileID: 0}
    - target: {fileID: 8654080169431727295, guid: 95c1708c0eeb10245ad7a592c42acb09, type: 3}
      propertyPath: m_LocalEulerAnglesHint.x
      value: 0
      objectReference: {fileID: 0}
    - target: {fileID: 8654080169431727295, guid: 95c1708c0eeb10245ad7a592c42acb09, type: 3}
      propertyPath: m_LocalEulerAnglesHint.y
      value: 0
      objectReference: {fileID: 0}
    - target: {fileID: 8654080169431727295, guid: 95c1708c0eeb10245ad7a592c42acb09, type: 3}
      propertyPath: m_LocalEulerAnglesHint.z
      value: 0
      objectReference: {fileID: 0}
    m_RemovedComponents: []
  m_SourcePrefab: {fileID: 100100000, guid: 95c1708c0eeb10245ad7a592c42acb09, type: 3}
--- !u!4 &1019030067232647768 stripped
Transform:
  m_CorrespondingSourceObject: {fileID: 8654080169431727295, guid: 95c1708c0eeb10245ad7a592c42acb09, type: 3}
  m_PrefabInstance: {fileID: 8520012672067098343}
  m_PrefabAsset: {fileID: 0}
--- !u!1001 &8584421989348562359
PrefabInstance:
  m_ObjectHideFlags: 0
  serializedVersion: 2
  m_Modification:
    m_TransformParent: {fileID: 6862064207675289738}
    m_Modifications:
    - target: {fileID: 5639106830512426668, guid: 95c1708c0eeb10245ad7a592c42acb09, type: 3}
      propertyPath: m_Name
      value: Small_box (11)
      objectReference: {fileID: 0}
    - target: {fileID: 8654080169431727295, guid: 95c1708c0eeb10245ad7a592c42acb09, type: 3}
      propertyPath: m_LocalPosition.x
      value: 0.411
      objectReference: {fileID: 0}
    - target: {fileID: 8654080169431727295, guid: 95c1708c0eeb10245ad7a592c42acb09, type: 3}
      propertyPath: m_LocalPosition.y
      value: 0.85
      objectReference: {fileID: 0}
    - target: {fileID: 8654080169431727295, guid: 95c1708c0eeb10245ad7a592c42acb09, type: 3}
      propertyPath: m_LocalPosition.z
      value: 0.219
      objectReference: {fileID: 0}
    - target: {fileID: 8654080169431727295, guid: 95c1708c0eeb10245ad7a592c42acb09, type: 3}
      propertyPath: m_LocalRotation.x
      value: 0
      objectReference: {fileID: 0}
    - target: {fileID: 8654080169431727295, guid: 95c1708c0eeb10245ad7a592c42acb09, type: 3}
      propertyPath: m_LocalRotation.y
      value: 0
      objectReference: {fileID: 0}
    - target: {fileID: 8654080169431727295, guid: 95c1708c0eeb10245ad7a592c42acb09, type: 3}
      propertyPath: m_LocalRotation.z
      value: 0
      objectReference: {fileID: 0}
    - target: {fileID: 8654080169431727295, guid: 95c1708c0eeb10245ad7a592c42acb09, type: 3}
      propertyPath: m_LocalRotation.w
      value: 1
      objectReference: {fileID: 0}
    - target: {fileID: 8654080169431727295, guid: 95c1708c0eeb10245ad7a592c42acb09, type: 3}
      propertyPath: m_RootOrder
      value: 10
      objectReference: {fileID: 0}
    - target: {fileID: 8654080169431727295, guid: 95c1708c0eeb10245ad7a592c42acb09, type: 3}
      propertyPath: m_LocalEulerAnglesHint.x
      value: 0
      objectReference: {fileID: 0}
    - target: {fileID: 8654080169431727295, guid: 95c1708c0eeb10245ad7a592c42acb09, type: 3}
      propertyPath: m_LocalEulerAnglesHint.y
      value: 0
      objectReference: {fileID: 0}
    - target: {fileID: 8654080169431727295, guid: 95c1708c0eeb10245ad7a592c42acb09, type: 3}
      propertyPath: m_LocalEulerAnglesHint.z
      value: 0
      objectReference: {fileID: 0}
    m_RemovedComponents: []
  m_SourcePrefab: {fileID: 100100000, guid: 95c1708c0eeb10245ad7a592c42acb09, type: 3}
--- !u!4 &1096774123961886984 stripped
Transform:
  m_CorrespondingSourceObject: {fileID: 8654080169431727295, guid: 95c1708c0eeb10245ad7a592c42acb09, type: 3}
  m_PrefabInstance: {fileID: 8584421989348562359}
  m_PrefabAsset: {fileID: 0}
